[{"price": "588.04", "amount": "0.081644", "timestamp": 1638369172, "timestampms": 1638369172438, "type": "Buy", "aggressor": true, "fee_currency": "USD", "fee_amount": "1.99006224", "tid": 72185985527, "order_id": "72185985450", "exchange": "gemini", "is_auction_fill": false, "is_clearing_fill": false, "symbol": "BCHUSD", "client_order_id": "Recurring"}, {"price": "584.51", "amount": "8.306769", "timestamp": 1638366635, "timestampms": 1638366635922, "type": "Buy", "aggressor": true, "fee_currency": "USD", "fee_amount": "73.44045181", "tid": 72177892617, "order_id": "72177892566", "exchange": "gemini", "is_auction_fill": false, "is_clearing_fill": false, "symbol": "BCHUSD", "client_order_id": "Mobile"}, {"price": "5.344", "amount": "936.260413", "timestamp": 1638366586, "timestampms": 1638366586752, "type": "Sell", "aggressor": true, "fee_currency": "USD", "fee_amount": "74.5503", "tid": 72177763460, "order_id": "72177763410", "exchange": "gemini", "is_auction_fill": false, "is_clearing_fill": false, "symbol": "XTZUSD", "client_order_id": "Mobile"}, {"price": "5.4536", "amount": "8.803359", "timestamp": 1638365392, "timestampms": 1638365392779, "type": "Buy", "aggressor": true, "fee_currency": "USD", "fee_amount": "1.9900013576", "tid": 72174013701, "order_id": "72174013659", "exchange": "gemini", "is_auction_fill": false, "is_clearing_fill": false, "symbol": "XTZUSD", "client_order_id": "Recurring"}, {"price": "5.6038", "amount": "8.5674", "timestamp": 1638278679, "timestampms": 1638278679759, "type": "Buy", "aggressor": true, "fee_currency": "USD", "fee_amount": "1.99000388", "tid": 71931361399, "order_id": "71931361351", "exchange": "gemini", "is_auction_fill": false, "is_clearing_fill": false, "symbol": "XTZUSD", "client_order_id": "Recurring"}, {"price": "4.9565", "amount": "9.68627", "timestamp": 1638192496, "timestampms": 1638192496201, "type": "Buy", "aggressor": true, "fee_currency": "USD", "fee_amount": "1.990002745", "tid": 71701040152, "order_id": "71701040120", "exchange": "gemini", "is_auction_fill": false, "is_clearing_fill": false, "symbol": "XTZUSD", "client_order_id": "Recurring"}, {"price": "4.4925", "amount": "10.6867", "timestamp": 1638105538, "timestampms": 1638105538033, "type": "Buy", "aggressor": true, "fee_currency": "USD", "fee_amount": "1.99000025", "tid": 71482136172, "order_id": "71482136107", "exchange": "gemini", "is_auction_fill": false, "is_clearing_fill": false, "symbol": "XTZUSD", "client_order_id": "Recurring"}, {"price": "4.5247", "amount": "898.505602", "timestamp": 1638101831, "timestampms": 1638101831351, "type": "Buy", "aggressor": true, "fee_currency": "USD", "fee_amount": "61.4917026306", "tid": 71473605319, "order_id": "71473605267", "exchange": "gemini", "is_auction_fill": false, "is_clearing_fill": false, "symbol": "XTZUSD", "client_order_id": "Mobile"}, {"price": "235.08", "amount": "5.300448", "timestamp": 1638101781, "timestampms": 1638101781735, "type": "Sell", "aggressor": true, "fee_currency": "USD", "fee_amount": "18.57", "tid": 71473476765, "order_id": "71473476730", "exchange": "gemini", "is_auction_fill": false, "is_clearing_fill": false, "symbol": "ZECUSD", "client_order_id": "Mobile"}, {"price": "265.73", "amount": "0.55323", "timestamp": 1638014904, "timestampms": 1638014904816, "type": "Buy", "aggressor": true, "fee_currency": "USD", "fee_amount": "2.9901921", "tid": 71252757039, "order_id": "71252756984", "exchange": "gemini", "is_auction_fill": false, "is_clearing_fill": false, "symbol": "ZECUSD", "client_order_id": "Recurring"}, {"price": "251.83", "amount": "0.583766", "timestamp": 1637929318, "timestampms": 1637929318370, "type": "Buy", "aggressor": true, "fee_currency": "USD", "fee_amount": "2.99020822", "tid": 71016627463, "order_id": "71016627345", "exchange": "gemini", "is_auction_fill": false, "is_clearing_fill": false, "symbol": "ZECUSD", "client_order_id": "Recurring"}, {"price": "275.91", "amount": "0.532818", "timestamp": 1637842542, "timestampms": 1637842542668, "type": "Buy", "aggressor": true, "fee_currency": "USD", "fee_amount": "2.99018562", "tid": 70745160007, "order_id": "70745159959", "exchange": "gemini", "is_auction_fill": false, "is_clearing_fill": false, "symbol": "ZECUSD", "client_order_id": "Recurring"}, {"price": "271.33", "amount": "3.630634", "timestamp": 1637840400, "timestampms": 1637840400579, "type": "Buy", "aggressor": true, "fee_currency": "USD", "fee_amount": "14.90007678", "tid": 70738743857, "order_id": "70738743795", "exchange": "gemini", "is_auction_fill": false, "is_clearing_fill": false, "symbol": "ZECUSD", "client_order_id": "Mobile"}, {"price": "4353.77", "amount": "0.354217", "timestamp": 1637840368, "timestampms": 1637840368942, "type": "Sell", "aggressor": true, "fee_currency": "USD", "fee_amount": "22.98", "tid": 70738661931, "order_id": "70738661846", "exchange": "gemini", "is_auction_fill": false, "is_clearing_fill": false, "symbol": "ETHUSD", "client_order_id": "Mobile"}, {"price": "4308.45", "amount": "0.022516", "timestamp": 1637831317, "timestampms": 1637831317412, "type": "Buy", "aggressor": true, "fee_currency": "USD", "fee_amount": "2.9909398", "tid": 70712452589, "order_id": "70712452553", "exchange": "gemini", "is_auction_fill": false, "is_clearing_fill": false, "symbol": "ETHUSD", "client_order_id": "Recurring"}, {"price": "612.97", "amount": "0.151748", "timestamp": 1637828109, "timestampms": 1637828109655, "type": "Sell", "aggressor": true, "fee_currency": "USD", "fee_amount": "2.99", "tid": 70705055193, "order_id": "70705055158", "exchange": "gemini", "is_auction_fill": false, "is_clearing_fill": false, "symbol": "BCHUSD", "client_order_id": "Mobile"}, {"price": "4279.47", "amount": "0.057546", "timestamp": 1637793149, "timestampms": 1637793149669, "type": "Buy", "aggressor": true, "fee_currency": "USD", "fee_amount": "3.73361938", "tid": 70630547490, "order_id": "70630547467", "exchange": "gemini", "is_auction_fill": false, "is_clearing_fill": false, "symbol": "ETHUSD", "client_order_id": "Mobile"}, {"price": "0.143", "amount": "0.151748", "timestamp": 1637793050, "timestampms": 1637793050401, "type": "Buy", "aggressor": true, "fee_currency": "ETH", "fee_amount": "0.000300036", "tid": 70630377526, "order_id": "70630377512", "exchange": "gemini", "is_auction_fill": false, "is_clearing_fill": false, "symbol": "BCHETH", "client_order_id": "Mobile"}, {"price": "4323.44", "amount": "0.022438", "timestamp": 1637745347, "timestampms": 1637745347997, "type": "Buy", "aggressor": true, "fee_currency": "USD", "fee_amount": "2.99065328", "tid": 70488542059, "order_id": "70488542026", "exchange": "gemini", "is_auction_fill": false, "is_clearing_fill": false, "symbol": "ETHUSD", "client_order_id": "Recurring"}, {"price": "56633.32", "amount": "0.00025117", "timestamp": 1637743024, "timestampms": 1637743024908, "type": "Sell", "aggressor": true, "fee_currency": "USD", "fee_amount": "1.49", "tid": 70481128858, "order_id": "70481128823", "exchange": "gemini", "is_auction_fill": false, "is_clearing_fill": false, "symbol": "BTCUSD", "client_order_id": "Mobile"}, {"price": "57915.52", "amount": "0.00167502", "timestamp": 1637705677, "timestampms": 1637705677064, "type": "Buy", "aggressor": true, "fee_currency": "USD", "fee_amount": "2.9903456896", "tid": 70383272650, "order_id": "70383272572", "exchange": "gemini", "is_auction_fill": false, "is_clearing_fill": false, "symbol": "BTCUSD", "client_order_id": "Recurring"}, {"price": "56676.98", "amount": "0.00171162", "timestamp": 1637620529, "timestampms": 1637620529203, "type": "Buy", "aggressor": true, "fee_currency": "USD", "fee_amount": "2.9905474924", "tid": 70149701341, "order_id": "70149701317", "exchange": "gemini", "is_auction_fill": false, "is_clearing_fill": false, "symbol": "BTCUSD", "client_order_id": "Recurring"}, {"price": "59675.37", "amount": "0.00162562", "timestamp": 1637533660, "timestampms": 1637533660057, "type": "Buy", "aggressor": true, "fee_currency": "USD", "fee_amount": "2.9905250206", "tid": 69934218502, "order_id": "69934218384", "exchange": "gemini", "is_auction_fill": false, "is_clearing_fill": false, "symbol": "BTCUSD", "client_order_id": "Recurring"}, {"price": "60058.20", "amount": "0.00161526", "timestamp": 1637447536, "timestampms": 1637447536993, "type": "Buy", "aggressor": true, "fee_currency": "USD", "fee_amount": "2.990391868", "tid": 69724112980, "order_id": "69724112966", "exchange": "gemini", "is_auction_fill": false, "is_clearing_fill": false, "symbol": "BTCUSD", "client_order_id": "Recurring"}, {"price": "58236.69", "amount": "0.00166578", "timestamp": 1637360671, "timestampms": 1637360671046, "type": "Buy", "aggressor": true, "fee_currency": "USD", "fee_amount": "2.9904865318", "tid": 69539466246, "order_id": "69539466221", "exchange": "gemini", "is_auction_fill": false, "is_clearing_fill": false, "symbol": "BTCUSD", "client_order_id": "Recurring"}, {"price": "57466.41", "amount": "0.00083544", "timestamp": 1637314128, "timestampms": 1637314128674, "type": "Buy", "aggressor": true, "fee_currency": "USD", "fee_amount": "1.9902624296", "tid": 69419536257, "order_id": "69419536208", "exchange": "gemini", "is_auction_fill": false, "is_clearing_fill": false, "symbol": "BTCUSD", "client_order_id": "Recurring"}, {"price": "57563.10", "amount": "0.00083404", "timestamp": 1637314011, "timestampms": 1637314011462, "type": "Buy", "aggressor": true, "fee_currency": "USD", "fee_amount": "1.990072076", "tid": 69419208116, "order_id": "69419208072", "exchange": "gemini", "is_auction_fill": false, "is_clearing_fill": false, "symbol": "BTCUSD", "client_order_id": "Recurring"}, {"price": "57705.92", "amount": "0.00168111", "timestamp": 1637313542, "timestampms": 1637313542358, "type": "Buy", "aggressor": true, "fee_currency": "USD", "fee_amount": "2.9900008288", "tid": 69417935233, "order_id": "69417935129", "exchange": "gemini", "is_auction_fill": false, "is_clearing_fill": false, "symbol": "BTCUSD", "client_order_id": "Recurring"}, {"price": "57473.83", "amount": "0.00083533", "timestamp": 1637313176, "timestampms": 1637313176448, "type": "Buy", "aggressor": true, "fee_currency": "USD", "fee_amount": "1.9903855861", "tid": 69416890930, "order_id": "69416890891", "exchange": "gemini", "is_auction_fill": false, "is_clearing_fill": false, "symbol": "BTCUSD", "client_order_id": "Recurring"}, {"price": "59745.90", "amount": "0.00080356", "timestamp": 1637226610, "timestampms": 1637226610131, "type": "Buy", "aggressor": true, "fee_currency": "USD", "fee_amount": "1.990584596", "tid": 69166651534, "order_id": "69166651458", "exchange": "gemini", "is_auction_fill": false, "is_clearing_fill": false, "symbol": "BTCUSD", "client_order_id": "Recurring"}, {"price": "59775.25", "amount": "0.00080317", "timestamp": 1637226582, "timestampms": 1637226582906, "type": "Buy", "aggressor": true, "fee_currency": "USD", "fee_amount": "1.9903124575", "tid": 69166598697, "order_id": "69166598683", "exchange": "gemini", "is_auction_fill": false, "is_clearing_fill": false, "symbol": "BTCUSD", "client_order_id": "Recurring"}, {"price": "59756.34", "amount": "0.00080342", "timestamp": 1637226522, "timestampms": 1637226522017, "type": "Buy", "aggressor": true, "fee_currency": "USD", "fee_amount": "1.9905613172", "tid": 69166475213, "order_id": "69166475116", "exchange": "gemini", "is_auction_fill": false, "is_clearing_fill": false, "symbol": "BTCUSD", "client_order_id": "Recurring"}, {"price": "59731.57", "amount": "0.00162409", "timestamp": 1637226467, "timestampms": 1637226467559, "type": "Buy", "aggressor": true, "fee_currency": "USD", "fee_amount": "2.9905544787", "tid": 69166320323, "order_id": "69166320243", "exchange": "gemini", "is_auction_fill": false, "is_clearing_fill": false, "symbol": "BTCUSD", "client_order_id": "Recurring"}, {"price": "579.01", "amount": "7.999997", "timestamp": 1637225634, "timestampms": 1637225634183, "type": "Sell", "aggressor": true, "fee_currency": "USD", "fee_amount": "69.02", "tid": 69164372985, "order_id": "69164372919", "exchange": "gemini", "is_auction_fill": false, "is_clearing_fill": false, "symbol": "BCHUSD", "client_order_id": "Mobile"}, {"price": "59579.89", "amount": "0.0000115406", "timestamp": 1637222902, "timestampms": 1637222902814, "type": "Buy", "aggressor": true, "fee_currency": "USD", "fee_amount": "0.002406556874869", "tid": 69157592941, "order_id": "69157592938", "exchange": "gemini", "is_auction_fill": false, "is_clearing_fill": false, "symbol": "BTCUSD"}, {"price": "59586.30", "amount": "0.0033330628", "timestamp": 1637222895, "timestampms": 1637222895762, "type": "Buy", "aggressor": true, "fee_currency": "USD", "fee_amount": "0.69511707971874", "tid": 69157568596, "order_id": "69157568592", "exchange": "gemini", "is_auction_fill": false, "is_clearing_fill": false, "symbol": "BTCUSD"}, {"price": "0.00973", "amount": "0.004085", "timestamp": 1637222272, "timestampms": 1637222272927, "type": "Sell", "aggressor": true, "fee_currency": "BTC", "fee_amount": "0.000000139114675", "tid": 69155876165, "order_id": "69155876162", "exchange": "gemini", "is_auction_fill": false, "is_clearing_fill": false, "symbol": "BCHBTC"}, {"price": "0.00972", "amount": "0.279546", "timestamp": 1637222268, "timestampms": 1637222268275, "type": "Sell", "aggressor": true, "fee_currency": "BTC", "fee_amount": "0.00000951015492", "tid": 69155866434, "order_id": "69155866422", "exchange": "gemini", "is_auction_fill": false, "is_clearing_fill": false, "symbol": "BCHBTC"}, {"price": "0.00972", "amount": "0.02312", "timestamp": 1637222268, "timestampms": 1637222268275, "type": "Sell", "aggressor": true, "fee_currency": "BTC", "fee_amount": "0.0000007865424", "tid": 69155866432, "order_id": "69155866422", "exchange": "gemini", "is_auction_fill": false, "is_clearing_fill": false, "symbol": "BCHBTC"}, {"price": "0.00973", "amount": "0.858623", "timestamp": 1637222268, "timestampms": 1637222268275, "type": "Sell", "aggressor": true, "fee_currency": "BTC", "fee_amount": "0.000029240406265", "tid": 69155866430, "order_id": "69155866422", "exchange": "gemini", "is_auction_fill": false, "is_clearing_fill": false, "symbol": "BCHBTC"}, {"price": "0.00974", "amount": "0.009931", "timestamp": 1637222268, "timestampms": 1637222268275, "type": "Sell", "aggressor": true, "fee_currency": "BTC", "fee_amount": "0.00000033854779", "tid": 69155866428, "order_id": "69155866422", "exchange": "gemini", "is_auction_fill": false, "is_clearing_fill": false, "symbol": "BCHBTC"}, {"price": "5.0654", "amount": "3.28425", "timestamp": 1637222242, "timestampms": 1637222242235, "type": "Sell", "aggressor": true, "fee_currency": "USD", "fee_amount": "0.058226139825", "tid": 69155806859, "order_id": "69155806856", "exchange": "gemini", "is_auction_fill": false, "is_clearing_fill": false, "symbol": "XTZUSD"}, {"price": "5.0606", "amount": "42.958218", "timestamp": 1637222234, "timestampms": 1637222234622, "type": "Sell", "aggressor": true, "fee_currency": "USD", "fee_amount": "0.7608802530378", "tid": 69155788456, "order_id": "69155788445", "exchange": "gemini", "is_auction_fill": false, "is_clearing_fill": false, "symbol": "XTZUSD"}, {"price": "5.0635", "amount": "109.47", "timestamp": 1637222234, "timestampms": 1637222234622, "type": "Sell", "aggressor": true, "fee_currency": "USD", "fee_amount": "1.9400547075", "tid": 69155788454, "order_id": "69155788445", "exchange": "gemini", "is_auction_fill": false, "is_clearing_fill": false, "symbol": "XTZUSD"}, {"price": "5.0636", "amount": "394.495864", "timestamp": 1637222234, "timestampms": 1637222234622, "type": "Sell", "aggressor": true, "fee_currency": "USD", "fee_amount": "6.9914923993264", "tid": 69155788452, "order_id": "69155788445", "exchange": "gemini", "is_auction_fill": false, "is_clearing_fill": false, "symbol": "XTZUSD"}, {"price": "5.0654", "amount": "394.354081", "timestamp": 1637222234, "timestampms": 1637222234622, "type": "Sell", "aggressor": true, "fee_currency": "USD", "fee_amount": "6.9914640666409", "tid": 69155788450, "order_id": "69155788445", "exchange": "gemini", "is_auction_fill": false, "is_clearing_fill": false, "symbol": "XTZUSD"}, {"price": "5.0677", "amount": "0.363128", "timestamp": 1637222234, "timestampms": 1637222234622, "type": "Sell", "aggressor": true, "fee_currency": "USD", "fee_amount": "0.0064407831796", "tid": 69155788448, "order_id": "69155788445", "exchange": "gemini", "is_auction_fill": false, "is_clearing_fill": false, "symbol": "XTZUSD"}, {"price": "584.72", "amount": "0.082107", "timestamp": 1637215878, "timestampms": 1637215878368, "type": "Buy", "aggressor": true, "fee_currency": "USD", "fee_amount": "1.99039496", "tid": 69139114678, "order_id": "69139113971", "exchange": "gemini", "is_auction_fill": false, "is_clearing_fill": false, "symbol": "BCHUSD", "client_order_id": "Recurring"}, {"price": "583.86", "amount": "0.03162636", "timestamp": 1637214766, "timestampms": 1637214766805, "type": "Buy", "aggressor": true, "fee_currency": "USD", "fee_amount": "0.0646287829236", "tid": 69136466978, "order_id": "69136466975", "exchange": "gemini", "is_auction_fill": false, "is_clearing_fill": false, "symbol": "BCHUSD"}, {"price": "584.26", "amount": "2.86268906", "timestamp": 1637214757, "timestampms": 1637214757292, "type": "Buy", "aggressor": true, "fee_currency": "USD", "fee_amount": "5.8539414856846", "tid": 69136444209, "order_id": "69136444198", "exchange": "gemini", "is_auction_fill": false, "is_clearing_fill": false, "symbol": "BCHUSD"}, {"price": "584.25", "amount": "1", "timestamp": 1637214757, "timestampms": 1637214757292, "type": "Buy", "aggressor": true, "fee_currency": "USD", "fee_amount": "2.044875", "tid": 69136444207, "order_id": "69136444198", "exchange": "gemini", "is_auction_fill": false, "is_clearing_fill": false, "symbol": "BCHUSD"}, {"price": "584.04", "amount": "4.283895", "timestamp": 1637214757, "timestampms": 1637214757292, "type": "Buy", "aggressor": true, "fee_currency": "USD", "fee_amount": "8.7568811253", "tid": 69136444205, "order_id": "69136444198", "exchange": "gemini", "is_auction_fill": false, "is_clearing_fill": false, "symbol": "BCHUSD"}, {"price": "583.86", "amount": "0.856887", "timestamp": 1637214757, "timestampms": 1637214757292, "type": "Buy", "aggressor": true, "fee_currency": "USD", "fee_amount": "1.75105715337", "tid": 69136444203, "order_id": "69136444198", "exchange": "gemini", "is_auction_fill": false, "is_clearing_fill": false, "symbol": "BCHUSD"}, {"price": "583.85", "amount": "0.058083", "timestamp": 1637214757, "timestampms": 1637214757292, "type": "Buy", "aggressor": true, "fee_currency": "USD", "fee_amount": "0.118691158425", "tid": 69136444201, "order_id": "69136444198", "exchange": "gemini", "is_auction_fill": false, "is_clearing_fill": false, "symbol": "BCHUSD"}, {"price": "5.106", "amount": "3.55044", "timestamp": 1637214709, "timestampms": 1637214709371, "type": "Sell", "aggressor": true, "fee_currency": "USD", "fee_amount": "0.06344991324", "tid": 69136301165, "order_id": "69136301159", "exchange": "gemini", "is_auction_fill": false, "is_clearing_fill": false, "symbol": "XTZUSD"}, {"price": "5.0985", "amount": "33.38228", "timestamp": 1637214702, "timestampms": 1637214702451, "type": "Sell", "aggressor": true, "fee_currency": "USD", "fee_amount": "0.59569844103", "tid": 69136273207, "order_id": "69136273198", "exchange": "gemini", "is_auction_fill": false, "is_clearing_fill": false, "symbol": "XTZUSD"}, {"price": "5.0998", "amount": "684.912329", "timestamp": 1637214702, "timestampms": 1637214702451, "type": "Sell", "aggressor": true, "fee_currency": "USD", "fee_amount": "12.2252056340197", "tid": 69136273205, "order_id": "69136273198", "exchange": "gemini", "is_auction_fill": false, "is_clearing_fill": false, "symbol": "XTZUSD"}, {"price": "5.102", "amount": "103.87", "timestamp": 1637214702, "timestampms": 1637214702451, "type": "Sell", "aggressor": true, "fee_currency": "USD", "fee_amount": "1.85480659", "tid": 69136273203, "order_id": "69136273198", "exchange": "gemini", "is_auction_fill": false, "is_clearing_fill": false, "symbol": "XTZUSD"}, {"price": "5.1038", "amount": "195.797299", "timestamp": 1637214702, "timestampms": 1637214702451, "type": "Sell", "aggressor": true, "fee_currency": "USD", "fee_amount": "3.4975858912267", "tid": 69136273201, "order_id": "69136273198", "exchange": "gemini", "is_auction_fill": false, "is_clearing_fill": false, "symbol": "XTZUSD"}, {"price": "4282.32", "amount": "0.032888", "timestamp": 1637206972, "timestampms": 1637206972675, "type": "Sell", "aggressor": true, "fee_currency": "USD", "fee_amount": "2.99", "tid": 69113646216, "order_id": "69113646190", "exchange": "gemini", "is_auction_fill": false, "is_clearing_fill": false, "symbol": "ETHUSD", "client_order_id": "Mobile"}, {"price": "4121.88", "amount": "0.011647", "timestamp": 1637122420, "timestampms": 1637122420361, "type": "Buy", "aggressor": true, "fee_currency": "USD", "fee_amount": "1.99246364", "tid": 68880141393, "order_id": "68880141333", "exchange": "gemini", "is_auction_fill": false, "is_clearing_fill": false, "symbol": "ETHUSD", "client_order_id": "Recurring"}, {"price": "4358.87", "amount": "0.011014", "timestamp": 1637039512, "timestampms": 1637039512011, "type": "Buy", "aggressor": true, "fee_currency": "USD", "fee_amount": "1.99140582", "tid": 68618341002, "order_id": "68618340950", "exchange": "gemini", "is_auction_fill": false, "is_clearing_fill": false, "symbol": "ETHUSD", "client_order_id": "Recurring"}, {"price": "4740.41", "amount": "0.010127", "timestamp": 1636950736, "timestampms": 1636950736876, "type": "Buy", "aggressor": true, "fee_currency": "USD", "fee_amount": "1.99386793", "tid": 68381457405, "order_id": "68381457383", "exchange": "gemini", "is_auction_fill": false, "is_clearing_fill": false, "symbol": "ETHUSD", "client_order_id": "Recurring"}, {"price": "196.19", "amount": "1.0499", "timestamp": 1636491892, "timestampms": 1636491892846, "type": "Buy", "aggressor": true, "fee_currency": "USD", "fee_amount": "3.120119", "tid": 67350431244, "order_id": "67350431175", "exchange": "gemini", "is_auction_fill": false, "is_clearing_fill": false, "symbol": "ZECUSD", "client_order_id": "Mobile"}, {"price": "1.229", "amount": "172.708028", "timestamp": 1636491830, "timestampms": 1636491830346, "type": "Sell", "aggressor": true, "fee_currency": "USD", "fee_amount": "3.1626", "tid": 67350276087, "order_id": "67350276073", "exchange": "gemini", "is_auction_fill": false, "is_clearing_fill": false, "symbol": "GRTUSD", "client_order_id": "Mobile"}, {"price": "161.63", "amount": "0.517787", "timestamp": 1636289745, "timestampms": 1636289745498, "type": "Buy", "aggressor": true, "fee_currency": "USD", "fee_amount": "2.99008719", "tid": 66858882831, "order_id": "66858882807", "exchange": "gemini", "is_auction_fill": false, "is_clearing_fill": false, "symbol": "ZECUSD", "client_order_id": "Mobile"}, {"price": "6.3286", "amount": "14.170111", "timestamp": 1636288384, "timestampms": 1636288384171, "type": "Sell", "aggressor": true, "fee_currency": "USD", "fee_amount": "2.99", "tid": 66855887392, "order_id": "66855887351", "exchange": "gemini", "is_auction_fill": false, "is_clearing_fill": false, "symbol": "XTZUSD", "client_order_id": "Mobile"}, {"price": "1.0235", "amount": "46.907669", "timestamp": 1635708372, "timestampms": 1635708372340, "type": "Buy", "aggressor": true, "fee_currency": "USD", "fee_amount": "1.9900007785", "tid": 65449018194, "order_id": "65449018174", "exchange": "gemini", "is_auction_fill": false, "is_clearing_fill": false, "symbol": "GRTUSD", "client_order_id": "Recurring"}, {"price": "0.9862", "amount": "0.44298413", "timestamp": 1635535032, "timestampms": 1635535032712, "type": "Buy", "aggressor": true, "fee_currency": "USD", "fee_amount": "0.001529048321521", "tid": 65081249622, "order_id": "65081249619", "exchange": "gemini", "is_auction_fill": false, "is_clearing_fill": false, "symbol": "GRTUSD"}, {"price": "0.9845", "amount": "125.145738", "timestamp": 1635535024, "timestampms": 1635535024263, "type": "Buy", "aggressor": true, "fee_currency": "USD", "fee_amount": "0.4312209267135", "tid": 65081235914, "order_id": "65081235908", "exchange": "gemini", "is_auction_fill": false, "is_clearing_fill": false, "symbol": "GRTUSD"}, {"price": "4391.41", "amount": "0.028353", "timestamp": 1635534993, "timestampms": 1635534993646, "type": "Sell", "aggressor": true, "fee_currency": "USD", "fee_amount": "0.435783767055", "tid": 65081176801, "order_id": "65081176798", "exchange": "gemini", "is_auction_fill": false, "is_clearing_fill": false, "symbol": "ETHUSD"}, {"price": "6.8461", "amount": "14.170111", "timestamp": 1635247229, "timestampms": 1635247229151, "type": "Buy", "aggressor": true, "fee_currency": "USD", "fee_amount": "2.9900030829", "tid": 64474897111, "order_id": "64474897100", "exchange": "gemini", "is_auction_fill": false, "is_clearing_fill": false, "symbol": "XTZUSD", "client_order_id": "Recurring"}, {"price": "4187.27", "amount": "0.6918961", "timestamp": 1635190555, "timestampms": 1635190555082, "type": "Buy", "aggressor": true, "fee_currency": "USD", "fee_amount": "10.1400452392645", "tid": 64390341468, "order_id": "64390341461", "exchange": "gemini", "is_auction_fill": false, "is_clearing_fill": false, "symbol": "ETHUSD"}, {"price": "4187.26", "amount": "0.15508", "timestamp": 1635190555, "timestampms": 1635190555082, "type": "Buy", "aggressor": true, "fee_currency": "USD", "fee_amount": "2.2727609828", "tid": 64390341466, "order_id": "64390341461", "exchange": "gemini", "is_auction_fill": false, "is_clearing_fill": false, "symbol": "ETHUSD"}, {"price": "4186.72", "amount": "0.343", "timestamp": 1635190555, "timestampms": 1635190555082, "type": "Buy", "aggressor": true, "fee_currency": "USD", "fee_amount": "5.02615736", "tid": 64390341464, "order_id": "64390341461", "exchange": "gemini", "is_auction_fill": false, "is_clearing_fill": false, "symbol": "ETHUSD"}, {"price": "6.7176", "amount": "0.00295203", "timestamp": 1634733423, "timestampms": 1634733423789, "type": "Buy", "aggressor": true, "fee_currency": "USD", "fee_amount": "0.000069406948548", "tid": 63580685171, "order_id": "63580685168", "exchange": "gemini", "is_auction_fill": false, "is_clearing_fill": false, "symbol": "XTZUSD"}, {"price": "6.7126", "amount": "0.86245825", "timestamp": 1634733418, "timestampms": 1634733418038, "type": "Buy", "aggressor": true, "fee_currency": "USD", "fee_amount": "0.020262680371325", "tid": 63580673597, "order_id": "63580673594", "exchange": "gemini", "is_auction_fill": false, "is_clearing_fill": false, "symbol": "XTZUSD"}, {"price": "6.7176", "amount": "97.93758279", "timestamp": 1634733408, "timestampms": 1634733408479, "type": "Buy", "aggressor": true, "fee_currency": "USD", "fee_amount": "2.302669271525364", "tid": 63580651172, "order_id": "63580651167", "exchange": "gemini", "is_auction_fill": false, "is_clearing_fill": false, "symbol": "XTZUSD"}, {"price": "6.7126", "amount": "149.07399", "timestamp": 1634733408, "timestampms": 1634733408479, "type": "Buy", "aggressor": true, "fee_currency": "USD", "fee_amount": "3.502359228459", "tid": 63580651170, "order_id": "63580651167", "exchange": "gemini", "is_auction_fill": false, "is_clearing_fill": false, "symbol": "XTZUSD"}, {"price": "621.91", "amount": "0.009371", "timestamp": 1634733388, "timestampms": 1634733388561, "type": "Sell", "aggressor": true, "fee_currency": "USD", "fee_amount": "0.020397715135", "tid": 63580603287, "order_id": "63580603281", "exchange": "gemini", "is_auction_fill": false, "is_clearing_fill": false, "symbol": "BCHUSD"}, {"price": "621.63", "amount": "1.772963", "timestamp": 1634733383, "timestampms": 1634733383064, "type": "Sell", "aggressor": true, "fee_currency": "USD", "fee_amount": "3.857444463915", "tid": 63580590653, "order_id": "63580590641", "exchange": "gemini", "is_auction_fill": false, "is_clearing_fill": false, "symbol": "BCHUSD"}, {"price": "621.75", "amount": "0.80372", "timestamp": 1634733383, "timestampms": 1634733383064, "type": "Sell", "aggressor": true, "fee_currency": "USD", "fee_amount": "1.748995185", "tid": 63580590651, "order_id": "63580590641", "exchange": "gemini", "is_auction_fill": false, "is_clearing_fill": false, "symbol": "BCHUSD"}, {"price": "621.76", "amount": "0.110029", "timestamp": 1634733383, "timestampms": 1634733383064, "type": "Sell", "aggressor": true, "fee_currency": "USD", "fee_amount": "0.23944070864", "tid": 63580590649, "order_id": "63580590641", "exchange": "gemini", "is_auction_fill": false, "is_clearing_fill": false, "symbol": "BCHUSD"}, {"price": "6.7366", "amount": "8.102009", "timestamp": 1634729521, "timestampms": 1634729521815, "type": "Buy", "aggressor": true, "fee_currency": "USD", "fee_amount": "2.9900061706", "tid": 63575319898, "order_id": "63575319883", "exchange": "gemini", "is_auction_fill": false, "is_clearing_fill": false, "symbol": "XTZUSD", "client_order_id": "Mobile"}, {"price": "3842.47", "amount": "0.015755", "timestamp": 1634729477, "timestampms": 1634729477439, "type": "Sell", "aggressor": true, "fee_currency": "USD", "fee_amount": "2.99", "tid": 63575275316, "order_id": "63575275301", "exchange": "gemini", "is_auction_fill": false, "is_clearing_fill": false, "symbol": "ETHUSD", "client_order_id": "Mobile"}, {"price": "6.6852", "amount": "0.83331865", "timestamp": 1634726184, "timestampms": 1634726184525, "type": "Buy", "aggressor": true, "fee_currency": "USD", "fee_amount": "0.01949815643643", "tid": 63571625486, "order_id": "63571625483", "exchange": "gemini", "is_auction_fill": false, "is_clearing_fill": false, "symbol": "XTZUSD"}, {"price": "6.6889", "amount": "89.84346863", "timestamp": 1634726178, "timestampms": 1634726178892, "type": "Buy", "aggressor": true, "fee_currency": "USD", "fee_amount": "2.1033389206172245", "tid": 63571619002, "order_id": "63571618997", "exchange": "gemini", "is_auction_fill": false, "is_clearing_fill": false, "symbol": "XTZUSD"}, {"price": "6.6831", "amount": "149.151174", "timestamp": 1634726178, "timestampms": 1634726178891, "type": "Buy", "aggressor": true, "fee_currency": "USD", "fee_amount": "3.4887727383579", "tid": 63571619000, "order_id": "63571618997", "exchange": "gemini", "is_auction_fill": false, "is_clearing_fill": false, "symbol": "XTZUSD"}, {"price": "3863.53", "amount": "0.001452", "timestamp": 1634726155, "timestampms": 1634726155967, "type": "Sell", "aggressor": true, "fee_currency": "USD", "fee_amount": "0.01963445946", "tid": 63571590269, "order_id": "63571590264", "exchange": "gemini", "is_auction_fill": false, "is_clearing_fill": false, "symbol": "ETHUSD"}, {"price": "3863.44", "amount": "0.045212", "timestamp": 1634726150, "timestampms": 1634726150162, "type": "Sell", "aggressor": true, "fee_currency": "USD", "fee_amount": "0.61135847248", "tid": 63571583419, "order_id": "63571583412", "exchange": "gemini", "is_auction_fill": false, "is_clearing_fill": false, "symbol": "ETHUSD"}, {"price": "3863.96", "amount": "0.076", "timestamp": 1634726150, "timestampms": 1634726150162, "type": "Sell", "aggressor": true, "fee_currency": "USD", "fee_amount": "1.02781336", "tid": 63571583417, "order_id": "63571583412", "exchange": "gemini", "is_auction_fill": false, "is_clearing_fill": false, "symbol": "ETHUSD"}, {"price": "3863.99", "amount": "0.2952", "timestamp": 1634726150, "timestampms": 1634726150162, "type": "Sell", "aggressor": true, "fee_currency": "USD", "fee_amount": "3.992274468", "tid": 63571583415, "order_id": "63571583412", "exchange": "gemini", "is_auction_fill": false, "is_clearing_fill": false, "symbol": "ETHUSD"}, {"price": "0.1583", "amount": "0.47230702", "timestamp": 1634717874, "timestampms": 1634717874210, "type": "Buy", "aggressor": true, "fee_currency": "ETH", "fee_amount": "0.000261681704431", "tid": 63562464265, "order_id": "63562464258", "exchange": "gemini", "is_auction_fill": false, "is_clearing_fill": false, "symbol": "BCHETH"}, {"price": "0.1582", "amount": "4.099927", "timestamp": 1634717874, "timestampms": 1634717874210, "type": "Buy", "aggressor": true, "fee_currency": "ETH", "fee_amount": "0.0022701295799", "tid": 63562464263, "order_id": "63562464258", "exchange": "gemini", "is_auction_fill": false, "is_clearing_fill": false, "symbol": "BCHETH"}, {"price": "0.1581", "amount": "0.819986", "timestamp": 1634717874, "timestampms": 1634717874210, "type": "Buy", "aggressor": true, "fee_currency": "ETH", "fee_amount": "0.0004537392531", "tid": 63562464261, "order_id": "63562464258", "exchange": "gemini", "is_auction_fill": false, "is_clearing_fill": false, "symbol": "BCHETH"}, {"price": "0.1585", "amount": "0.004576", "timestamp": 1634543084, "timestampms": 1634543084984, "type": "Sell", "aggressor": true, "fee_currency": "ETH", "fee_amount": "0.000002538536", "tid": 63265936078, "order_id": "63265936074", "exchange": "gemini", "is_auction_fill": false, "is_clearing_fill": false, "symbol": "BCHETH"}, {"price": "0.1585", "amount": "0.310994", "timestamp": 1634543075, "timestampms": 1634543075755, "type": "Sell", "aggressor": true, "fee_currency": "ETH", "fee_amount": "0.0001725239215", "tid": 63265917168, "order_id": "63265917163", "exchange": "gemini", "is_auction_fill": false, "is_clearing_fill": false, "symbol": "BCHETH"}, {"price": "0.1585", "amount": "1.001034", "timestamp": 1634543075, "timestampms": 1634543075755, "type": "Sell", "aggressor": true, "fee_currency": "ETH", "fee_amount": "0.0005553236115", "tid": 63265917166, "order_id": "63265917163", "exchange": "gemini", "is_auction_fill": false, "is_clearing_fill": false, "symbol": "BCHETH"}, {"price": "622.52", "amount": "0.000016", "timestamp": 1634452225, "timestampms": 1634452225559, "type": "Buy", "aggressor": true, "fee_currency": "USD", "fee_amount": "0.00003486112", "tid": 63120643160, "order_id": "63120643157", "exchange": "gemini", "is_auction_fill": false, "is_clearing_fill": false, "symbol": "BCHUSD"}, {"price": "622.52", "amount": "0.00456219", "timestamp": 1634452220, "timestampms": 1634452220776, "type": "Buy", "aggressor": true, "fee_currency": "USD", "fee_amount": "0.0099401908158", "tid": 63120636011, "order_id": "63120636004", "exchange": "gemini", "is_auction_fill": false, "is_clearing_fill": false, "symbol": "BCHUSD"}, {"price": "622.59", "amount": "0.50826494", "timestamp": 1634452214, "timestampms": 1634452214208, "type": "Buy", "aggressor": true, "fee_currency": "USD", "fee_amount": "1.1075423414811", "tid": 63120626728, "order_id": "63120626723", "exchange": "gemini", "is_auction_fill": false, "is_clearing_fill": false, "symbol": "BCHUSD"}, {"price": "622.40", "amount": "0.803697", "timestamp": 1634452214, "timestampms": 1634452214208, "type": "Buy", "aggressor": true, "fee_currency": "USD", "fee_amount": "1.7507735448", "tid": 63120626726, "order_id": "63120626723", "exchange": "gemini", "is_auction_fill": false, "is_clearing_fill": false, "symbol": "BCHUSD"}, {"price": "6.8752", "amount": "0.41709", "timestamp": 1634452188, "timestampms": 1634452188206, "type": "Sell", "aggressor": true, "fee_currency": "USD", "fee_amount": "0.010036520088", "tid": 63120584810, "order_id": "63120584807", "exchange": "gemini", "is_auction_fill": false, "is_clearing_fill": false, "symbol": "XTZUSD"}, {"price": "6.8752", "amount": "42.515441", "timestamp": 1634452182, "timestampms": 1634452182811, "type": "Sell", "aggressor": true, "fee_currency": "USD", "fee_amount": "1.0230575598712", "tid": 63120575658, "order_id": "63120575653", "exchange": "gemini", "is_auction_fill": false, "is_clearing_fill": false, "symbol": "XTZUSD"}, {"price": "6.8783", "amount": "77.07", "timestamp": 1634452182, "timestampms": 1634452182811, "type": "Sell", "aggressor": true, "fee_currency": "USD", "fee_amount": "1.8553870335", "tid": 63120575656, "order_id": "63120575653", "exchange": "gemini", "is_auction_fill": false, "is_clearing_fill": false, "symbol": "XTZUSD"}, {"price": "7.2688", "amount": "0.00272817", "timestamp": 1633886664, "timestampms": 1633886664552, "type": "Buy", "aggressor": true, "fee_currency": "USD", "fee_amount": "0.000069406827336", "tid": 62188132037, "order_id": "62188132034", "exchange": "gemini", "is_auction_fill": false, "is_clearing_fill": false, "symbol": "XTZUSD"}, {"price": "7.2711", "amount": "0.41653938", "timestamp": 1633886659, "timestampms": 1633886659591, "type": "Buy", "aggressor": true, "fee_currency": "USD", "fee_amount": "0.010600448200713", "tid": 62188120990, "order_id": "62188120984", "exchange": "gemini", "is_auction_fill": false, "is_clearing_fill": false, "symbol": "XTZUSD"}, {"price": "7.2711", "amount": "119.57518793", "timestamp": 1633886653, "timestampms": 1633886653622, "type": "Buy", "aggressor": true, "fee_currency": "USD", "fee_amount": "3.0430510213523805", "tid": 62188107223, "order_id": "62188107220", "exchange": "gemini", "is_auction_fill": false, "is_clearing_fill": false, "symbol": "XTZUSD"}, {"price": "177.87", "amount": "0.00226", "timestamp": 1633886579, "timestampms": 1633886579938, "type": "Sell", "aggressor": true, "fee_currency": "USD", "fee_amount": "0.0014069517", "tid": 62187997849, "order_id": "62187997844", "exchange": "gemini", "is_auction_fill": false, "is_clearing_fill": false, "symbol": "LTCUSD"}, {"price": "177.88", "amount": "0.01", "timestamp": 1633886579, "timestampms": 1633886579938, "type": "Sell", "aggressor": true, "fee_currency": "USD", "fee_amount": "0.0062258", "tid": 62187997847, "order_id": "62187997844", "exchange": "gemini", "is_auction_fill": false, "is_clearing_fill": false, "symbol": "LTCUSD"}, {"price": "177.87", "amount": "3.51557", "timestamp": 1633886568, "timestampms": 1633886568236, "type": "Sell", "aggressor": true, "fee_currency": "USD", "fee_amount": "2.18860052565", "tid": 62187980487, "order_id": "62187980483", "exchange": "gemini", "is_auction_fill": false, "is_clearing_fill": false, "symbol": "LTCUSD"}, {"price": "3505.00", "amount": "0.002763", "timestamp": 1633886553, "timestampms": 1633886553227, "type": "Sell", "aggressor": true, "fee_currency": "USD", "fee_amount": "0.0338951025", "tid": 62187947859, "order_id": "62187947852", "exchange": "gemini", "is_auction_fill": false, "is_clearing_fill": false, "symbol": "ETHUSD"}, {"price": "3505.33", "amount": "0.045975", "timestamp": 1633886553, "timestampms": 1633886553227, "type": "Sell", "aggressor": true, "fee_currency": "USD", "fee_amount": "0.564051413625", "tid": 62187947857, "order_id": "62187947852", "exchange": "gemini", "is_auction_fill": false, "is_clearing_fill": false, "symbol": "ETHUSD"}, {"price": "3505.33", "amount": "0.022898", "timestamp": 1633886553, "timestampms": 1633886553227, "type": "Sell", "aggressor": true, "fee_currency": "USD", "fee_amount": "0.28092766219", "tid": 62187947855, "order_id": "62187947852", "exchange": "gemini", "is_auction_fill": false, "is_clearing_fill": false, "symbol": "ETHUSD"}, {"price": "181.50", "amount": "3.52787", "timestamp": 1633877481, "timestampms": 1633877481688, "type": "Buy", "aggressor": true, "fee_currency": "USD", "fee_amount": "9.691595", "tid": 62172009829, "order_id": "62172009794", "exchange": "gemini", "is_auction_fill": false, "is_clearing_fill": false, "symbol": "LTCUSD", "client_order_id": "Mobile"}, {"price": "3578.61", "amount": "0.00000278", "timestamp": 1633861166, "timestampms": 1633861166112, "type": "Buy", "aggressor": true, "fee_currency": "USD", "fee_amount": "0.0000348198753", "tid": 62146087710, "order_id": "62146087707", "exchange": "gemini", "is_auction_fill": false, "is_clearing_fill": false, "symbol": "ETHUSD"}, {"price": "3578.63", "amount": "0.00080197", "timestamp": 1633861159, "timestampms": 1633861159921, "type": "Buy", "aggressor": true, "fee_currency": "USD", "fee_amount": "0.01004483865385", "tid": 62146079656, "order_id": "62146079653", "exchange": "gemini", "is_auction_fill": false, "is_clearing_fill": false, "symbol": "ETHUSD"}, {"price": "3578.63", "amount": "0.23020726", "timestamp": 1633861154, "timestampms": 1633861154411, "type": "Buy", "aggressor": true, "fee_currency": "USD", "fee_amount": "2.8833931239883", "tid": 62146073017, "order_id": "62146073014", "exchange": "gemini", "is_auction_fill": false, "is_clearing_fill": false, "symbol": "ETHUSD"}, {"price": "25.5212", "amount": "0.11333", "timestamp": 1633861129, "timestampms": 1633861129290, "type": "Sell", "aggressor": true, "fee_currency": "USD", "fee_amount": "0.010123111586", "tid": 62146036415, "order_id": "62146036412", "exchange": "gemini", "is_auction_fill": false, "is_clearing_fill": false, "symbol": "UNIUSD"}, {"price": "25.5319", "amount": "32.484864", "timestamp": 1633861121, "timestampms": 1633861121496, "type": "Sell", "aggressor": true, "fee_currency": "USD", "fee_amount": "2.9029010470656", "tid": 62146022560, "order_id": "62146022555", "exchange": "gemini", "is_auction_fill": false, "is_clearing_fill": false, "symbol": "UNIUSD"}, {"price": "25.6018", "amount": "0.008664", "timestamp": 1633861121, "timestampms": 1633861121496, "type": "Sell", "aggressor": true, "fee_currency": "USD", "fee_amount": "0.0007763489832", "tid": 62146022558, "order_id": "62146022555", "exchange": "gemini", "is_auction_fill": false, "is_clearing_fill": false, "symbol": "UNIUSD"}, {"price": "0.1716", "amount": "0.022837", "timestamp": 1633861029, "timestampms": 1633861029060, "type": "Sell", "aggressor": true, "fee_currency": "ETH", "fee_amount": "0.0000137159022", "tid": 62145854098, "order_id": "62145854095", "exchange": "gemini", "is_auction_fill": false, "is_clearing_fill": false, "symbol": "BCHETH"}, {"price": "0.1711", "amount": "1.668006", "timestamp": 1633861015, "timestampms": 1633861015581, "type": "Sell", "aggressor": true, "fee_currency": "ETH", "fee_amount": "0.0009988853931", "tid": 62145833877, "order_id": "62145833870", "exchange": "gemini", "is_auction_fill": false, "is_clearing_fill": false, "symbol": "BCHETH"}, {"price": "0.1712", "amount": "4.066333", "timestamp": 1633861015, "timestampms": 1633861015581, "type": "Sell", "aggressor": true, "fee_currency": "ETH", "fee_amount": "0.0024365467336", "tid": 62145833875, "order_id": "62145833870", "exchange": "gemini", "is_auction_fill": false, "is_clearing_fill": false, "symbol": "BCHETH"}, {"price": "0.1713", "amount": "0.813267", "timestamp": 1633861015, "timestampms": 1633861015581, "type": "Sell", "aggressor": true, "fee_currency": "ETH", "fee_amount": "0.00048759422985", "tid": 62145833873, "order_id": "62145833870", "exchange": "gemini", "is_auction_fill": false, "is_clearing_fill": false, "symbol": "BCHETH"}, {"price": "3579.02", "amount": "0.00068494", "timestamp": 1633857273, "timestampms": 1633857273751, "type": "Buy", "aggressor": true, "fee_currency": "USD", "fee_amount": "0.0085799488558", "tid": 62138352031, "order_id": "62138352028", "exchange": "gemini", "is_auction_fill": false, "is_clearing_fill": false, "symbol": "ETHUSD"}, {"price": "3575.98", "amount": "0.10408332", "timestamp": 1633857264, "timestampms": 1633857264504, "type": "Buy", "aggressor": true, "fee_currency": "USD", "fee_amount": "1.3026995472876", "tid": 62138327328, "order_id": "62138327323", "exchange": "gemini", "is_auction_fill": false, "is_clearing_fill": false, "symbol": "ETHUSD"}, {"price": "3575.97", "amount": "0.091974", "timestamp": 1633857264, "timestampms": 1633857264504, "type": "Buy", "aggressor": true, "fee_currency": "USD", "fee_amount": "1.15113692673", "tid": 62138327326, "order_id": "62138327323", "exchange": "gemini", "is_auction_fill": false, "is_clearing_fill": false, "symbol": "ETHUSD"}, {"price": "42.89", "amount": "0.057414", "timestamp": 1633857224, "timestampms": 1633857224827, "type": "Sell", "aggressor": true, "fee_currency": "USD", "fee_amount": "0.00861870261", "tid": 62138184421, "order_id": "62138184418", "exchange": "gemini", "is_auction_fill": false, "is_clearing_fill": false, "symbol": "LUNAUSD"}, {"price": "42.89", "amount": "16.461423", "timestamp": 1633857218, "timestampms": 1633857218514, "type": "Sell", "aggressor": true, "fee_currency": "USD", "fee_amount": "2.471106513645", "tid": 62138166414, "order_id": "62138166411", "exchange": "gemini", "is_auction_fill": false, "is_clearing_fill": false, "symbol": "LUNAUSD"}, {"price": "43.39", "amount": "0.057416", "timestamp": 1633856393, "timestampms": 1633856393025, "type": "Buy", "aggressor": true, "fee_currency": "USD", "fee_amount": "0.00871948084", "tid": 62136346746, "order_id": "62136346743", "exchange": "gemini", "is_auction_fill": false, "is_clearing_fill": false, "symbol": "LUNAUSD"}, {"price": "43.34", "amount": "13.32994093", "timestamp": 1633856382, "timestampms": 1633856382468, "type": "Buy", "aggressor": true, "fee_currency": "USD", "fee_amount": "2.0220187396717", "tid": 62136329276, "order_id": "62136329263", "exchange": "gemini", "is_auction_fill": false, "is_clearing_fill": false, "symbol": "LUNAUSD"}, {"price": "43.30", "amount": "0.655428", "timestamp": 1633856382, "timestampms": 1633856382468, "type": "Buy", "aggressor": true, "fee_currency": "USD", "fee_amount": "0.0993301134", "tid": 62136329274, "order_id": "62136329263", "exchange": "gemini", "is_auction_fill": false, "is_clearing_fill": false, "symbol": "LUNAUSD"}, {"price": "43.30", "amount": "0.713147", "timestamp": 1633856382, "timestampms": 1633856382468, "type": "Buy", "aggressor": true, "fee_currency": "USD", "fee_amount": "0.10807742785", "tid": 62136329272, "order_id": "62136329263", "exchange": "gemini", "is_auction_fill": false, "is_clearing_fill": false, "symbol": "LUNAUSD"}, {"price": "43.28", "amount": "0.496523", "timestamp": 1633856382, "timestampms": 1633856382468, "type": "Buy", "aggressor": true, "fee_currency": "USD", "fee_amount": "0.07521330404", "tid": 62136329270, "order_id": "62136329263", "exchange": "gemini", "is_auction_fill": false, "is_clearing_fill": false, "symbol": "LUNAUSD"}, {"price": "43.27", "amount": "0.014187", "timestamp": 1633856382, "timestampms": 1633856382468, "type": "Buy", "aggressor": true, "fee_currency": "USD", "fee_amount": "0.002148550215", "tid": 62136329268, "order_id": "62136329263", "exchange": "gemini", "is_auction_fill": false, "is_clearing_fill": false, "symbol": "LUNAUSD"}, {"price": "43.27", "amount": "1.252397", "timestamp": 1633856382, "timestampms": 1633856382468, "type": "Buy", "aggressor": true, "fee_currency": "USD", "fee_amount": "0.189669263665", "tid": 62136329266, "order_id": "62136329263", "exchange": "gemini", "is_auction_fill": false, "is_clearing_fill": false, "symbol": "LUNAUSD"}, {"price": "621.61", "amount": "0.355786", "timestamp": 1633856368, "timestampms": 1633856368429, "type": "Sell", "aggressor": true, "fee_currency": "USD", "fee_amount": "0.77406047411", "tid": 62136304475, "order_id": "62136304470", "exchange": "gemini", "is_auction_fill": false, "is_clearing_fill": false, "symbol": "BCHUSD"}, {"price": "621.65", "amount": "0.803717", "timestamp": 1633856368, "timestampms": 1633856368429, "type": "Sell", "aggressor": true, "fee_currency": "USD", "fee_amount": "1.748707355675", "tid": 62136304473, "order_id": "62136304470", "exchange": "gemini", "is_auction_fill": false, "is_clearing_fill": false, "symbol": "BCHUSD"}, {"price": "25.7316", "amount": "0.11307173", "timestamp": 1633855372, "timestampms": 1633855372240, "type": "Buy", "aggressor": true, "fee_currency": "USD", "fee_amount": "0.010183307846838", "tid": 62134540796, "order_id": "62134540793", "exchange": "gemini", "is_auction_fill": false, "is_clearing_fill": false, "symbol": "UNIUSD"}, {"price": "25.7336", "amount": "13.05128588", "timestamp": 1633855362, "timestampms": 1633855362010, "type": "Buy", "aggressor": true, "fee_currency": "USD", "fee_amount": "1.175497996125488", "tid": 62134524291, "order_id": "62134524286", "exchange": "gemini", "is_auction_fill": false, "is_clearing_fill": false, "symbol": "UNIUSD"}, {"price": "25.7287", "amount": "19.442898", "timestamp": 1633855362, "timestampms": 1633855362010, "type": "Buy", "aggressor": true, "fee_currency": "USD", "fee_amount": "1.7508417142041", "tid": 62134524289, "order_id": "62134524286", "exchange": "gemini", "is_auction_fill": false, "is_clearing_fill": false, "symbol": "UNIUSD"}, {"price": "619.22", "amount": "0.557112", "timestamp": 1633855333, "timestampms": 1633855333322, "type": "Sell", "aggressor": true, "fee_currency": "USD", "fee_amount": "1.20741212424", "tid": 62134476235, "order_id": "62134476230", "exchange": "gemini", "is_auction_fill": false, "is_clearing_fill": false, "symbol": "BCHUSD"}, {"price": "619.31", "amount": "0.80701", "timestamp": 1633855333, "timestampms": 1633855333322, "type": "Sell", "aggressor": true, "fee_currency": "USD", "fee_amount": "1.74926277085", "tid": 62134476233, "order_id": "62134476230", "exchange": "gemini", "is_auction_fill": false, "is_clearing_fill": false, "symbol": "BCHUSD"}, {"price": "0.2011", "amount": "0.157106", "timestamp": 1633855247, "timestampms": 1633855247151, "type": "Sell", "aggressor": true, "fee_currency": "BCH", "fee_amount": "0.0001105790581", "tid": 62134346207, "order_id": "62134346204", "exchange": "gemini", "is_auction_fill": false, "is_clearing_fill": false, "symbol": "ZECBCH"}, {"price": "0.2019", "amount": "32.990816", "timestamp": 1633855226, "timestampms": 1633855226987, "type": "Sell", "aggressor": true, "fee_currency": "BCH", "fee_amount": "0.0233129601264", "tid": 62134317913, "order_id": "62134317908", "exchange": "gemini", "is_auction_fill": false, "is_clearing_fill": false, "symbol": "ZECBCH"}, {"price": "0.2019", "amount": "12.053739", "timestamp": 1633855226, "timestampms": 1633855226987, "type": "Sell", "aggressor": true, "fee_currency": "BCH", "fee_amount": "0.00851777466435", "tid": 62134317911, "order_id": "62134317908", "exchange": "gemini", "is_auction_fill": false, "is_clearing_fill": false, "symbol": "ZECBCH"}, {"price": "3613.82", "amount": "0.013285", "timestamp": 1633806547, "timestampms": 1633806547238, "type": "Buy", "aggressor": true, "fee_currency": "USD", "fee_amount": "1.9904013", "tid": 62052056165, "order_id": "62052056132", "exchange": "gemini", "is_auction_fill": false, "is_clearing_fill": false, "symbol": "ETHUSD", "client_order_id": "Recurring"}, {"price": "127.69", "amount": "0.31380496", "timestamp": 1633804851, "timestampms": 1633804851320, "type": "Buy", "aggressor": true, "fee_currency": "USD", "fee_amount": "0.1402441436984", "tid": 62049497564, "order_id": "62049497561", "exchange": "gemini", "is_auction_fill": false, "is_clearing_fill": false, "symbol": "ZECUSD"}, {"price": "7.463", "amount": "2.724561", "timestamp": 1633803161, "timestampms": 1633803161918, "type": "Sell", "aggressor": true, "fee_currency": "USD", "fee_amount": "0.0711668956005", "tid": 62046551652, "order_id": "62046551649", "exchange": "gemini", "is_auction_fill": false, "is_clearing_fill": false, "symbol": "XTZUSD"}, {"price": "127.52", "amount": "26.68842625", "timestamp": 1633801434, "timestampms": 1633801434753, "type": "Buy", "aggressor": true, "fee_currency": "USD", "fee_amount": "11.9115784039", "tid": 62043561069, "order_id": "62043561060", "exchange": "gemini", "is_auction_fill": false, "is_clearing_fill": false, "symbol": "ZECUSD"}, {"price": "127.35", "amount": "12.2", "timestamp": 1633801434, "timestampms": 1633801434753, "type": "Buy", "aggressor": true, "fee_currency": "USD", "fee_amount": "5.437845", "tid": 62043561067, "order_id": "62043561060", "exchange": "gemini", "is_auction_fill": false, "is_clearing_fill": false, "symbol": "ZECUSD"}, {"price": "127.34", "amount": "2", "timestamp": 1633801434, "timestampms": 1633801434753, "type": "Buy", "aggressor": true, "fee_currency": "USD", "fee_amount": "0.89138", "tid": 62043561065, "order_id": "62043561060", "exchange": "gemini", "is_auction_fill": false, "is_clearing_fill": false, "symbol": "ZECUSD"}, {"price": "127.22", "amount": "4", "timestamp": 1633801434, "timestampms": 1633801434753, "type": "Buy", "aggressor": true, "fee_currency": "USD", "fee_amount": "1.78108", "tid": 62043561063, "order_id": "62043561060", "exchange": "gemini", "is_auction_fill": false, "is_clearing_fill": false, "symbol": "ZECUSD"}, {"price": "7.3973", "amount": "131.69702", "timestamp": 1633801394, "timestampms": 1633801394540, "type": "Sell", "aggressor": true, "fee_currency": "USD", "fee_amount": "3.409708281161", "tid": 62043459847, "order_id": "62043459826", "exchange": "gemini", "is_auction_fill": false, "is_clearing_fill": false, "symbol": "XTZUSD"}, {"price": "7.3978", "amount": "6.531979", "timestamp": 1633801394, "timestampms": 1633801394540, "type": "Sell", "aggressor": true, "fee_currency": "USD", "fee_amount": "0.1691279598617", "tid": 62043459845, "order_id": "62043459826", "exchange": "gemini", "is_auction_fill": false, "is_clearing_fill": false, "symbol": "XTZUSD"}, {"price": "7.3982", "amount": "73.16", "timestamp": 1633801394, "timestampms": 1633801394540, "type": "Sell", "aggressor": true, "fee_currency": "USD", "fee_amount": "1.894383092", "tid": 62043459843, "order_id": "62043459826", "exchange": "gemini", "is_auction_fill": false, "is_clearing_fill": false, "symbol": "XTZUSD"}, {"price": "7.3994", "amount": "269.88566", "timestamp": 1633801394, "timestampms": 1633801394540, "type": "Sell", "aggressor": true, "fee_currency": "USD", "fee_amount": "6.989471834114", "tid": 62043459841, "order_id": "62043459826", "exchange": "gemini", "is_auction_fill": false, "is_clearing_fill": false, "symbol": "XTZUSD"}, {"price": "7.4025", "amount": "269.769543", "timestamp": 1633801394, "timestampms": 1633801394540, "type": "Sell", "aggressor": true, "fee_currency": "USD", "fee_amount": "6.98939164720125", "tid": 62043459839, "order_id": "62043459826", "exchange": "gemini", "is_auction_fill": false, "is_clearing_fill": false, "symbol": "XTZUSD"}, {"price": "7.4032", "amount": "0.503245", "timestamp": 1633801394, "timestampms": 1633801394540, "type": "Sell", "aggressor": true, "fee_currency": "USD", "fee_amount": "0.013039681844", "tid": 62043459837, "order_id": "62043459826", "exchange": "gemini", "is_auction_fill": false, "is_clearing_fill": false, "symbol": "XTZUSD"}, {"price": "7.4068", "amount": "21.360827", "timestamp": 1633801394, "timestampms": 1633801394540, "type": "Sell", "aggressor": true, "fee_currency": "USD", "fee_amount": "0.5537538069826", "tid": 62043459835, "order_id": "62043459826", "exchange": "gemini", "is_auction_fill": false, "is_clearing_fill": false, "symbol": "XTZUSD"}, {"price": "7.4075", "amount": "4.168777", "timestamp": 1633801394, "timestampms": 1633801394540, "type": "Sell", "aggressor": true, "fee_currency": "USD", "fee_amount": "0.10808075469625", "tid": 62043459833, "order_id": "62043459826", "exchange": "gemini", "is_auction_fill": false, "is_clearing_fill": false, "symbol": "XTZUSD"}, {"price": "7.4085", "amount": "4.056374", "timestamp": 1633801394, "timestampms": 1633801394540, "type": "Sell", "aggressor": true, "fee_currency": "USD", "fee_amount": "0.1051807637265", "tid": 62043459831, "order_id": "62043459826", "exchange": "gemini", "is_auction_fill": false, "is_clearing_fill": false, "symbol": "XTZUSD"}, {"price": "7.4121", "amount": "0.037088", "timestamp": 1633801394, "timestampms": 1633801394540, "type": "Sell", "aggressor": true, "fee_currency": "USD", "fee_amount": "0.0009621498768", "tid": 62043459829, "order_id": "62043459826", "exchange": "gemini", "is_auction_fill": false, "is_clearing_fill": false, "symbol": "XTZUSD"}, {"price": "7.4466", "amount": "6.447237", "timestamp": 1633756495, "timestampms": 1633756495235, "type": "Buy", "aggressor": true, "fee_currency": "USD", "fee_amount": "1.9900049558", "tid": 61968771948, "order_id": "61968771929", "exchange": "gemini", "is_auction_fill": false, "is_clearing_fill": false, "symbol": "XTZUSD", "client_order_id": "Recurring"}, {"price": "7.6451", "amount": "6.279839", "timestamp": 1633669509, "timestampms": 1633669509174, "type": "Buy", "aggressor": true, "fee_currency": "USD", "fee_amount": "1.9900028611", "tid": 61833908222, "order_id": "61833908200", "exchange": "gemini", "is_auction_fill": false, "is_clearing_fill": false, "symbol": "XTZUSD", "client_order_id": "Recurring"}, {"price": "7.6799", "amount": "6.251383", "timestamp": 1633584091, "timestampms": 1633584091452, "type": "Buy", "aggressor": true, "fee_currency": "USD", "fee_amount": "1.9900036983", "tid": 61683710032, "order_id": "61683710018", "exchange": "gemini", "is_auction_fill": false, "is_clearing_fill": false, "symbol": "XTZUSD", "client_order_id": "Recurring"}, {"price": "7.6444", "amount": "6.280414", "timestamp": 1633497278, "timestampms": 1633497278857, "type": "Buy", "aggressor": true, "fee_currency": "USD", "fee_amount": "1.9900032184", "tid": 61515756149, "order_id": "61515755981", "exchange": "gemini", "is_auction_fill": false, "is_clearing_fill": false, "symbol": "XTZUSD", "client_order_id": "Recurring"}, {"price": "7.5287", "amount": "8.131549", "timestamp": 1633494054, "timestampms": 1633494054881, "type": "Buy", "aggressor": true, "fee_currency": "USD", "fee_amount": "2.9900070437", "tid": 61510010518, "order_id": "61510010486", "exchange": "gemini", "is_auction_fill": false, "is_clearing_fill": false, "symbol": "XTZUSD", "client_order_id": "Mobile"}, {"price": "8.4122", "amount": "7.965811", "timestamp": 1633403970, "timestampms": 1633403970296, "type": "Buy", "aggressor": true, "fee_currency": "USD", "fee_amount": "2.9900047058", "tid": 61341833950, "order_id": "61341833905", "exchange": "gemini", "is_auction_fill": false, "is_clearing_fill": false, "symbol": "XTZUSD", "client_order_id": "Recurring"}, {"price": "8.3955", "amount": "7.981656", "timestamp": 1633317144, "timestampms": 1633317144306, "type": "Buy", "aggressor": true, "fee_currency": "USD", "fee_amount": "2.990007052", "tid": 61160141610, "order_id": "61160141596", "exchange": "gemini", "is_auction_fill": false, "is_clearing_fill": false, "symbol": "XTZUSD", "client_order_id": "Recurring"}, {"price": "3344.30", "amount": "0.061988", "timestamp": 1633314476, "timestampms": 1633314476926, "type": "Sell", "aggressor": true, "fee_currency": "USD", "fee_amount": "3.09", "tid": 61154538929, "order_id": "61154538887", "exchange": "gemini", "is_auction_fill": false, "is_clearing_fill": false, "symbol": "ETHUSD", "client_order_id": "Mobile"}, {"price": "3424.57", "amount": "0.019567", "timestamp": 1633242127, "timestampms": 1633242127625, "type": "Buy", "aggressor": true, "fee_currency": "USD", "fee_amount": "2.99143881", "tid": 61026194738, "order_id": "61026194695", "exchange": "gemini", "is_auction_fill": false, "is_clearing_fill": false, "symbol": "ETHUSD", "client_order_id": "Recurring"}, {"price": "3296.39", "amount": "0.020328", "timestamp": 1633155212, "timestampms": 1633155212376, "type": "Buy", "aggressor": true, "fee_currency": "USD", "fee_amount": "2.99098408", "tid": 60873023148, "order_id": "60873023127", "exchange": "gemini", "is_auction_fill": false, "is_clearing_fill": false, "symbol": "ETHUSD", "client_order_id": "Recurring"}, {"price": "3033.01", "amount": "0.022093", "timestamp": 1633069071, "timestampms": 1633069071967, "type": "Buy", "aggressor": true, "fee_currency": "USD", "fee_amount": "2.99171007", "tid": 60707141233, "order_id": "60707141215", "exchange": "gemini", "is_auction_fill": false, "is_clearing_fill": false, "symbol": "ETHUSD", "client_order_id": "Recurring"}, {"price": "5.7086", "amount": "247.149896", "timestamp": 1632849793, "timestampms": 1632849793767, "type": "Buy", "aggressor": true, "fee_currency": "USD", "fee_amount": "21.3401036944", "tid": 60268381050, "order_id": "60268381007", "exchange": "gemini", "is_auction_fill": false, "is_clearing_fill": false, "symbol": "XTZUSD", "client_order_id": "Mobile"}, {"price": "5.6957", "amount": "247.709658", "timestamp": 1632849741, "timestampms": 1632849741736, "type": "Buy", "aggressor": true, "fee_currency": "USD", "fee_amount": "21.3401009294", "tid": 60268254861, "order_id": "60268254850", "exchange": "gemini", "is_auction_fill": false, "is_clearing_fill": false, "symbol": "XTZUSD", "client_order_id": "Mobile"}, {"price": "5.6951", "amount": "247.735755", "timestamp": 1632849686, "timestampms": 1632849686594, "type": "Buy", "aggressor": true, "fee_currency": "USD", "fee_amount": "21.3401016995", "tid": 60268111025, "order_id": "60268110983", "exchange": "gemini", "is_auction_fill": false, "is_clearing_fill": false, "symbol": "XTZUSD", "client_order_id": "Mobile"}, {"price": "6.5448", "amount": "22.462107", "timestamp": 1632716454, "timestampms": 1632716454862, "type": "Buy", "aggressor": true, "fee_currency": "USD", "fee_amount": "2.9900021064", "tid": 59960251253, "order_id": "59960251205", "exchange": "gemini", "is_auction_fill": false, "is_clearing_fill": false, "symbol": "XTZUSD", "client_order_id": "Recurring"}, {"price": "508.67", "amount": "3.804085", "timestamp": 1632706104, "timestampms": 1632706104648, "type": "Sell", "aggressor": true, "fee_currency": "USD", "fee_amount": "28.83", "tid": 59937583017, "order_id": "59937582992", "exchange": "gemini", "is_auction_fill": false, "is_clearing_fill": false, "symbol": "BCHUSD", "client_order_id": "Mobile"}, {"price": "494.73", "amount": "4.354911", "timestamp": 1632697661, "timestampms": 1632697661150, "type": "Sell", "aggressor": true, "fee_currency": "USD", "fee_amount": "32.10", "tid": 59915512426, "order_id": "59915512381", "exchange": "gemini", "is_auction_fill": false, "is_clearing_fill": false, "symbol": "BCHUSD", "client_order_id": "Mobile"}, {"price": "6.5976", "amount": "182.20153", "timestamp": 1632696241, "timestampms": 1632696241883, "type": "Sell", "aggressor": true, "fee_currency": "USD", "fee_amount": "17.9112", "tid": 59910144503, "order_id": "59910144481", "exchange": "gemini", "is_auction_fill": false, "is_clearing_fill": false, "symbol": "XTZUSD", "client_order_id": "Mobile"}, {"price": "6.8852", "amount": "21.351594", "timestamp": 1632630603, "timestampms": 1632630603616, "type": "Buy", "aggressor": true, "fee_currency": "USD", "fee_amount": "2.9900049912", "tid": 59761423517, "order_id": "59761423506", "exchange": "gemini", "is_auction_fill": false, "is_clearing_fill": false, "symbol": "XTZUSD", "client_order_id": "Recurring"}, {"price": "7.401", "amount": "19.863531", "timestamp": 1632543519, "timestampms": 1632543519779, "type": "Buy", "aggressor": true, "fee_currency": "USD", "fee_amount": "2.990007069", "tid": 59563853526, "order_id": "59563853512", "exchange": "gemini", "is_auction_fill": false, "is_clearing_fill": false, "symbol": "XTZUSD", "client_order_id": "Recurring"}, {"price": "7.4294", "amount": "70.525856", "timestamp": 1632541959, "timestampms": 1632541959021, "type": "Buy", "aggressor": true, "fee_currency": "USD", "fee_amount": "7.9252054336", "tid": 59560574351, "order_id": "59560574326", "exchange": "gemini", "is_auction_fill": false, "is_clearing_fill": false, "symbol": "XTZUSD", "client_order_id": "Mobile"}, {"price": "7.4409", "amount": "70.460549", "timestamp": 1632541922, "timestampms": 1632541922467, "type": "Buy", "aggressor": true, "fee_currency": "USD", "fee_amount": "7.9301009459", "tid": 59560500490, "order_id": "59560500470", "exchange": "gemini", "is_auction_fill": false, "is_clearing_fill": false, "symbol": "XTZUSD", "client_order_id": "Mobile"}, {"price": "515.42", "amount": "1.047538", "timestamp": 1632541889, "timestampms": 1632541889803, "type": "Sell", "aggressor": true, "fee_currency": "USD", "fee_amount": "8.04", "tid": 59560415194, "order_id": "59560415167", "exchange": "gemini", "is_auction_fill": false, "is_clearing_fill": false, "symbol": "BCHUSD", "client_order_id": "Mobile"}, {"price": "521.47", "amount": "1.047538", "timestamp": 1632535974, "timestampms": 1632535974508, "type": "Buy", "aggressor": true, "fee_currency": "USD", "fee_amount": "8.26035914", "tid": 59548306341, "order_id": "59548306272", "exchange": "gemini", "is_auction_fill": false, "is_clearing_fill": false, "symbol": "BCHUSD", "client_order_id": "Mobile"}, {"price": "2896.45", "amount": "0.194347", "timestamp": 1632535919, "timestampms": 1632535919774, "type": "Sell", "aggressor": true, "fee_currency": "USD", "fee_amount": "8.39", "tid": 59548183383, "order_id": "59548183363", "exchange": "gemini", "is_auction_fill": false, "is_clearing_fill": false, "symbol": "ETHUSD", "client_order_id": "Mobile"}, {"price": "2917.01", "amount": "0.050397", "timestamp": 1632504560, "timestampms": 1632504560485, "type": "Buy", "aggressor": true, "fee_currency": "USD", "fee_amount": "2.99144703", "tid": 59484743707, "order_id": "59484743637", "exchange": "gemini", "is_auction_fill": false, "is_clearing_fill": false, "symbol": "ETHUSD", "client_order_id": "Recurring"}, {"price": "2887.11", "amount": "0.14395", "timestamp": 1632497931, "timestampms": 1632497931845, "type": "Buy", "aggressor": true, "fee_currency": "USD", "fee_amount": "6.2905155", "tid": 59470337157, "order_id": "59470337118", "exchange": "gemini", "is_auction_fill": false, "is_clearing_fill": false, "symbol": "ETHUSD", "client_order_id": "Mobile"}, {"price": "6.2632", "amount": "68.378634", "timestamp": 1632497891, "timestampms": 1632497891037, "type": "Sell", "aggressor": true, "fee_currency": "USD", "fee_amount": "6.3812", "tid": 59470280532, "order_id": "59470280520", "exchange": "gemini", "is_auction_fill": false, "is_clearing_fill": false, "symbol": "XTZUSD", "client_order_id": "Mobile"}, {"price": "6.4085", "amount": "15.137707", "timestamp": 1632454018, "timestampms": 1632454018947, "type": "Buy", "aggressor": true, "fee_currency": "USD", "fee_amount": "2.9900046905", "tid": 59345045535, "order_id": "59345045524", "exchange": "gemini", "is_auction_fill": false, "is_clearing_fill": false, "symbol": "XTZUSD", "client_order_id": "Recurring"}, {"price": "5.8022", "amount": "16.71952", "timestamp": 1632367084, "timestampms": 1632367084699, "type": "Buy", "aggressor": true, "fee_currency": "USD", "fee_amount": "2.990001056", "tid": 59190187615, "order_id": "59190187601", "exchange": "gemini", "is_auction_fill": false, "is_clearing_fill": false, "symbol": "XTZUSD", "client_order_id": "Recurring"}, {"price": "4.8758", "amount": "19.896222", "timestamp": 1632280880, "timestampms": 1632280880867, "type": "Buy", "aggressor": true, "fee_currency": "USD", "fee_amount": "2.9900007724", "tid": 59021351887, "order_id": "59021351876", "exchange": "gemini", "is_auction_fill": false, "is_clearing_fill": false, "symbol": "XTZUSD", "client_order_id": "Recurring"}, {"price": "5.3101", "amount": "18.268959", "timestamp": 1632193745, "timestampms": 1632193745620, "type": "Buy", "aggressor": true, "fee_currency": "USD", "fee_amount": "2.9900008141", "tid": 58803880392, "order_id": "58803880365", "exchange": "gemini", "is_auction_fill": false, "is_clearing_fill": false, "symbol": "XTZUSD", "client_order_id": "Recurring"}, {"price": "5.9568", "amount": "16.285589", "timestamp": 1632108109, "timestampms": 1632108109269, "type": "Buy", "aggressor": true, "fee_currency": "USD", "fee_amount": "2.9900034448", "tid": 58596749546, "order_id": "58596749535", "exchange": "gemini", "is_auction_fill": false, "is_clearing_fill": false, "symbol": "XTZUSD", "client_order_id": "Recurring"}, {"price": "6.2375", "amount": "175.070637", "timestamp": 1632103624, "timestampms": 1632103624366, "type": "Buy", "aggressor": true, "fee_currency": "USD", "fee_amount": "16.5169017125", "tid": 58583900939, "order_id": "58583900917", "exchange": "gemini", "is_auction_fill": false, "is_clearing_fill": false, "symbol": "XTZUSD", "client_order_id": "Mobile"}, {"price": "3292.12", "amount": "0.02817", "timestamp": 1632103409, "timestampms": 1632103409962, "type": "Sell", "aggressor": true, "fee_currency": "USD", "fee_amount": "2.99", "tid": 58583608950, "order_id": "58583608939", "exchange": "gemini", "is_auction_fill": false, "is_clearing_fill": false, "symbol": "ETHUSD", "client_order_id": "Mobile"}, {"price": "597.92", "amount": "1.729632", "timestamp": 1632103304, "timestampms": 1632103304382, "type": "Sell", "aggressor": true, "fee_currency": "USD", "fee_amount": "15.41", "tid": 58583436894, "order_id": "58583436867", "exchange": "gemini", "is_auction_fill": false, "is_clearing_fill": false, "symbol": "BCHUSD", "client_order_id": "Mobile"}, {"price": "3443.67", "amount": "0.02817", "timestamp": 1632045881, "timestampms": 1632045881179, "type": "Buy", "aggressor": true, "fee_currency": "USD", "fee_amount": "2.9918161", "tid": 58497810046, "order_id": "58497810035", "exchange": "gemini", "is_auction_fill": false, "is_clearing_fill": false, "symbol": "ETHUSD", "client_order_id": "Recurring"}, {"price": "634.40", "amount": "1.125283", "timestamp": 1631972827, "timestampms": 1631972827076, "type": "Buy", "aggressor": true, "fee_currency": "USD", "fee_amount": "10.8004648", "tid": 58398144328, "order_id": "58398144296", "exchange": "gemini", "is_auction_fill": false, "is_clearing_fill": false, "symbol": "BCHUSD", "client_order_id": "Mobile"}, {"price": "3474.28", "amount": "0.211739", "timestamp": 1631972139, "timestampms": 1631972139644, "type": "Sell", "aggressor": true, "fee_currency": "USD", "fee_amount": "10.96", "tid": 58397251955, "order_id": "58397251934", "exchange": "gemini", "is_auction_fill": false, "is_clearing_fill": false, "symbol": "ETHUSD", "client_order_id": "Mobile"}, {"price": "3540.86", "amount": "0.027397", "timestamp": 1631959581, "timestampms": 1631959581972, "type": "Buy", "aggressor": true, "fee_currency": "USD", "fee_amount": "2.99105858", "tid": 58378096334, "order_id": "58378096316", "exchange": "gemini", "is_auction_fill": false, "is_clearing_fill": false, "symbol": "ETHUSD", "client_order_id": "Recurring"}, {"price": "3535.92", "amount": "0.042288", "timestamp": 1631956068, "timestampms": 1631956068515, "type": "Buy", "aggressor": true, "fee_currency": "USD", "fee_amount": "2.99301504", "tid": 58373255144, "order_id": "58373255113", "exchange": "gemini", "is_auction_fill": false, "is_clearing_fill": false, "symbol": "ETHUSD", "client_order_id": "Mobile"}, {"price": "6.2631", "amount": "0.279493", "timestamp": 1631956005, "timestampms": 1631956005254, "type": "Sell", "aggressor": true, "fee_currency": "USD", "fee_amount": "0.99", "tid": 58373185263, "order_id": "58373185244", "exchange": "gemini", "is_auction_fill": false, "is_clearing_fill": false, "symbol": "XTZUSD", "client_order_id": "Mobile"}, {"price": "3514.93", "amount": "0.14205472", "timestamp": 1631955848, "timestampms": 1631955848741, "type": "Buy", "aggressor": true, "fee_currency": "USD", "fee_amount": "1.7475933893936", "tid": 58372998307, "order_id": "58372998304", "exchange": "gemini", "is_auction_fill": false, "is_clearing_fill": false, "symbol": "ETHUSD"}, {"price": "6.3188", "amount": "79.855126", "timestamp": 1631955770, "timestampms": 1631955770885, "type": "Sell", "aggressor": true, "fee_currency": "USD", "fee_amount": "1.7660599955908", "tid": 58372901445, "order_id": "58372901442", "exchange": "gemini", "is_auction_fill": false, "is_clearing_fill": false, "symbol": "XTZUSD"}, {"price": "6.1417", "amount": "15.7953", "timestamp": 1631913200, "timestampms": 1631913200344, "type": "Buy", "aggressor": true, "fee_currency": "USD", "fee_amount": "2.99000599", "tid": 58306222570, "order_id": "58306222525", "exchange": "gemini", "is_auction_fill": false, "is_clearing_fill": false, "symbol": "XTZUSD", "client_order_id": "Recurring"}, {"price": "6.6202", "amount": "14.653635", "timestamp": 1631826805, "timestampms": 1631826805024, "type": "Buy", "aggressor": true, "fee_currency": "USD", "fee_amount": "2.990005573", "tid": 58155723648, "order_id": "58155723627", "exchange": "gemini", "is_auction_fill": false, "is_clearing_fill": false, "symbol": "XTZUSD", "client_order_id": "Recurring"}, {"price": "6.9159", "amount": "14.027096", "timestamp": 1631741532, "timestampms": 1631741532974, "type": "Buy", "aggressor": true, "fee_currency": "USD", "fee_amount": "2.9900067736", "tid": 58009150871, "order_id": "58009150859", "exchange": "gemini", "is_auction_fill": false, "is_clearing_fill": false, "symbol": "XTZUSD", "client_order_id": "Recurring"}, {"price": "7.0694", "amount": "13.722522", "timestamp": 1631654549, "timestampms": 1631654549063, "type": "Buy", "aggressor": true, "fee_currency": "USD", "fee_amount": "2.9900029732", "tid": 57870675004, "order_id": "57870674958", "exchange": "gemini", "is_auction_fill": false, "is_clearing_fill": false, "symbol": "XTZUSD", "client_order_id": "Recurring"}, {"price": "7.3607", "amount": "13.179453", "timestamp": 1631568961, "timestampms": 1631568961882, "type": "Buy", "aggressor": true, "fee_currency": "USD", "fee_amount": "2.9900003029", "tid": 57712515639, "order_id": "57712515589", "exchange": "gemini", "is_auction_fill": false, "is_clearing_fill": false, "symbol": "XTZUSD", "client_order_id": "Recurring"}, {"price": "6.8656", "amount": "14.129864", "timestamp": 1631482269, "timestampms": 1631482269488, "type": "Buy", "aggressor": true, "fee_currency": "USD", "fee_amount": "2.9900057216", "tid": 57504407074, "order_id": "57504407059", "exchange": "gemini", "is_auction_fill": false, "is_clearing_fill": false, "symbol": "XTZUSD", "client_order_id": "Recurring"}, {"price": "6.7736", "amount": "7.087811", "timestamp": 1631396111, "timestampms": 1631396111336, "type": "Buy", "aggressor": true, "fee_currency": "USD", "fee_amount": "1.9900034104", "tid": 57351031284, "order_id": "57351031273", "exchange": "gemini", "is_auction_fill": false, "is_clearing_fill": false, "symbol": "XTZUSD", "client_order_id": "Mobile"}, {"price": "6.8451", "amount": "14.172181", "timestamp": 1631395337, "timestampms": 1631395337306, "type": "Buy", "aggressor": true, "fee_currency": "USD", "fee_amount": "2.9900038369", "tid": 57350237115, "order_id": "57350237097", "exchange": "gemini", "is_auction_fill": false, "is_clearing_fill": false, "symbol": "XTZUSD", "client_order_id": "Recurring"}, {"price": "6.2725", "amount": "15.465922", "timestamp": 1631309252, "timestampms": 1631309252124, "type": "Buy", "aggressor": true, "fee_currency": "USD", "fee_amount": "2.990004255", "tid": 57189786091, "order_id": "57189786036", "exchange": "gemini", "is_auction_fill": false, "is_clearing_fill": false, "symbol": "XTZUSD", "client_order_id": "Recurring"}, {"price": "5.4193", "amount": "17.900835", "timestamp": 1631221996, "timestampms": 1631221996990, "type": "Buy", "aggressor": true, "fee_currency": "USD", "fee_amount": "2.9900048845", "tid": 57011405045, "order_id": "57011405032", "exchange": "gemini", "is_auction_fill": false, "is_clearing_fill": false, "symbol": "XTZUSD", "client_order_id": "Recurring"}, {"price": "683.19", "amount": "0.141995", "timestamp": 1629763612, "timestampms": 1629763612088, "type": "Buy", "aggressor": true, "fee_currency": "USD", "fee_amount": "2.99043595", "tid": 54309097249, "order_id": "54309097164", "exchange": "gemini", "is_auction_fill": false, "is_clearing_fill": false, "symbol": "BCHUSD", "client_order_id": "Recurring"}, {"price": "678.78", "amount": "0.142918", "timestamp": 1629677719, "timestampms": 1629677719294, "type": "Buy", "aggressor": true, "fee_currency": "USD", "fee_amount": "2.99011996", "tid": 54151499283, "order_id": "54151499210", "exchange": "gemini", "is_auction_fill": false, "is_clearing_fill": false, "symbol": "BCHUSD", "client_order_id": "Recurring"}, {"price": "687.61", "amount": "0.141082", "timestamp": 1629592557, "timestampms": 1629592557297, "type": "Buy", "aggressor": true, "fee_currency": "USD", "fee_amount": "2.99060598", "tid": 54003455339, "order_id": "54003455288", "exchange": "gemini", "is_auction_fill": false, "is_clearing_fill": false, "symbol": "BCHUSD", "client_order_id": "Recurring"}, {"price": "690.56", "amount": "0.14048", "timestamp": 1629505502, "timestampms": 1629505502603, "type": "Buy", "aggressor": true, "fee_currency": "USD", "fee_amount": "2.9901312", "tid": 53849404389, "order_id": "53849404298", "exchange": "gemini", "is_auction_fill": false, "is_clearing_fill": false, "symbol": "BCHUSD", "client_order_id": "Recurring"}, {"price": "665.78", "amount": "0.145708", "timestamp": 1629418947, "timestampms": 1629418947327, "type": "Buy", "aggressor": true, "fee_currency": "USD", "fee_amount": "2.99052776", "tid": 53692537015, "order_id": "53692536953", "exchange": "gemini", "is_auction_fill": false, "is_clearing_fill": false, "symbol": "BCHUSD", "client_order_id": "Recurring"}, {"price": "635.44", "amount": "0.152665", "timestamp": 1629333218, "timestampms": 1629333218435, "type": "Buy", "aggressor": true, "fee_currency": "USD", "fee_amount": "2.9905524", "tid": 53515324472, "order_id": "53515324461", "exchange": "gemini", "is_auction_fill": false, "is_clearing_fill": false, "symbol": "BCHUSD", "client_order_id": "Recurring"}, {"price": "646.51", "amount": "0.150051", "timestamp": 1629246095, "timestampms": 1629246095781, "type": "Buy", "aggressor": true, "fee_currency": "USD", "fee_amount": "2.99052799", "tid": 53321877001, "order_id": "53321876981", "exchange": "gemini", "is_auction_fill": false, "is_clearing_fill": false, "symbol": "BCHUSD", "client_order_id": "Recurring"}, {"price": "671.80", "amount": "0.144403", "timestamp": 1629159690, "timestampms": 1629159690677, "type": "Buy", "aggressor": true, "fee_currency": "USD", "fee_amount": "2.9900646", "tid": 53121406840, "order_id": "53121406760", "exchange": "gemini", "is_auction_fill": false, "is_clearing_fill": false, "symbol": "BCHUSD", "client_order_id": "Recurring"}, {"price": "714.99", "amount": "0.13568", "timestamp": 1629073079, "timestampms": 1629073079674, "type": "Buy", "aggressor": true, "fee_currency": "USD", "fee_amount": "2.9901568", "tid": 52959195478, "order_id": "52959195433", "exchange": "gemini", "is_auction_fill": false, "is_clearing_fill": false, "symbol": "BCHUSD", "client_order_id": "Recurring"}, {"price": "697.50", "amount": "0.139082", "timestamp": 1628986601, "timestampms": 1628986601133, "type": "Buy", "aggressor": true, "fee_currency": "USD", "fee_amount": "2.990305", "tid": 52789456646, "order_id": "52789456585", "exchange": "gemini", "is_auction_fill": false, "is_clearing_fill": false, "symbol": "BCHUSD", "client_order_id": "Recurring"}, {"price": "663.34", "amount": "0.146244", "timestamp": 1628900354, "timestampms": 1628900354654, "type": "Buy", "aggressor": true, "fee_currency": "USD", "fee_amount": "2.99050504", "tid": 52632458066, "order_id": "52632458024", "exchange": "gemini", "is_auction_fill": false, "is_clearing_fill": false, "symbol": "BCHUSD", "client_order_id": "Recurring"}, {"price": "612.24", "amount": "0.15845", "timestamp": 1628813344, "timestampms": 1628813344119, "type": "Buy", "aggressor": true, "fee_currency": "USD", "fee_amount": "2.990572", "tid": 52500166983, "order_id": "52500166878", "exchange": "gemini", "is_auction_fill": false, "is_clearing_fill": false, "symbol": "BCHUSD", "client_order_id": "Recurring"}, {"price": "641.33", "amount": "0.151263", "timestamp": 1628727958, "timestampms": 1628727958232, "type": "Buy", "aggressor": true, "fee_currency": "USD", "fee_amount": "2.99050021", "tid": 52301026014, "order_id": "52301025827", "exchange": "gemini", "is_auction_fill": false, "is_clearing_fill": false, "symbol": "BCHUSD", "client_order_id": "Recurring"}, {"price": "596.48", "amount": "0.162637", "timestamp": 1628641672, "timestampms": 1628641672397, "type": "Buy", "aggressor": true, "fee_currency": "USD", "fee_amount": "2.99028224", "tid": 52128795063, "order_id": "52128795048", "exchange": "gemini", "is_auction_fill": false, "is_clearing_fill": false, "symbol": "BCHUSD", "client_order_id": "Recurring"}, {"price": "591.83", "amount": "0.163915", "timestamp": 1628554630, "timestampms": 1628554630213, "type": "Buy", "aggressor": true, "fee_currency": "USD", "fee_amount": "2.99018555", "tid": 51941292898, "order_id": "51941292863", "exchange": "gemini", "is_auction_fill": false, "is_clearing_fill": false, "symbol": "BCHUSD", "client_order_id": "Recurring"}, {"price": "555.51", "amount": "0.174632", "timestamp": 1628468516, "timestampms": 1628468516634, "type": "Buy", "aggressor": true, "fee_currency": "USD", "fee_amount": "2.99017768", "tid": 51753224898, "order_id": "51753224865", "exchange": "gemini", "is_auction_fill": false, "is_clearing_fill": false, "symbol": "BCHUSD", "client_order_id": "Recurring"}, {"price": "589.63", "amount": "0.164526", "timestamp": 1628382535, "timestampms": 1628382535681, "type": "Buy", "aggressor": true, "fee_currency": "USD", "fee_amount": "2.99053462", "tid": 51564868623, "order_id": "51564868589", "exchange": "gemini", "is_auction_fill": false, "is_clearing_fill": false, "symbol": "BCHUSD", "client_order_id": "Recurring"}, {"price": "572.54", "amount": "0.169437", "timestamp": 1628296229, "timestampms": 1628296229322, "type": "Buy", "aggressor": true, "fee_currency": "USD", "fee_amount": "2.99054002", "tid": 51370933940, "order_id": "51370933912", "exchange": "gemini", "is_auction_fill": false, "is_clearing_fill": false, "symbol": "BCHUSD", "client_order_id": "Recurring"}, {"price": "546.80", "amount": "0.177414", "timestamp": 1628209659, "timestampms": 1628209659786, "type": "Buy", "aggressor": true, "fee_currency": "USD", "fee_amount": "2.9900248", "tid": 51211293540, "order_id": "51211293502", "exchange": "gemini", "is_auction_fill": false, "is_clearing_fill": false, "symbol": "BCHUSD", "client_order_id": "Recurring"}, {"price": "549.24", "amount": "0.176625", "timestamp": 1628122704, "timestampms": 1628122704654, "type": "Buy", "aggressor": true, "fee_currency": "USD", "fee_amount": "2.990485", "tid": 51030670880, "order_id": "51030670858", "exchange": "gemini", "is_auction_fill": false, "is_clearing_fill": false, "symbol": "BCHUSD", "client_order_id": "Recurring"}, {"price": "538.22", "amount": "0.180242", "timestamp": 1628036235, "timestampms": 1628036235140, "type": "Buy", "aggressor": true, "fee_currency": "USD", "fee_amount": "2.99015076", "tid": 50892167907, "order_id": "50892167866", "exchange": "gemini", "is_auction_fill": false, "is_clearing_fill": false, "symbol": "BCHUSD", "client_order_id": "Recurring"}, {"price": "544.46", "amount": "0.178176", "timestamp": 1627949630, "timestampms": 1627949630762, "type": "Buy", "aggressor": true, "fee_currency": "USD", "fee_amount": "2.99029504", "tid": 50709112992, "order_id": "50709112965", "exchange": "gemini", "is_auction_fill": false, "is_clearing_fill": false, "symbol": "BCHUSD", "client_order_id": "Recurring"}, {"price": "531.98", "amount": "0.182356", "timestamp": 1627863215, "timestampms": 1627863215984, "type": "Buy", "aggressor": true, "fee_currency": "USD", "fee_amount": "2.99025512", "tid": 50559694993, "order_id": "50559694949", "exchange": "gemini", "is_auction_fill": false, "is_clearing_fill": false, "symbol": "BCHUSD", "client_order_id": "Recurring"}, {"price": "549.50", "amount": "0.176542", "timestamp": 1627777146, "timestampms": 1627777146492, "type": "Buy", "aggressor": true, "fee_currency": "USD", "fee_amount": "2.990171", "tid": 50392622731, "order_id": "50392622679", "exchange": "gemini", "is_auction_fill": false, "is_clearing_fill": false, "symbol": "BCHUSD", "client_order_id": "Recurring"}, {"price": "558.55", "amount": "0.173681", "timestamp": 1627690675, "timestampms": 1627690675910, "type": "Buy", "aggressor": true, "fee_currency": "USD", "fee_amount": "2.99047745", "tid": 50256778789, "order_id": "50256778736", "exchange": "gemini", "is_auction_fill": false, "is_clearing_fill": false, "symbol": "BCHUSD", "client_order_id": "Recurring"}, {"price": "543.75", "amount": "0.178409", "timestamp": 1627604309, "timestampms": 1627604309666, "type": "Buy", "aggressor": true, "fee_currency": "USD", "fee_amount": "2.99010625", "tid": 50117865515, "order_id": "50117865504", "exchange": "gemini", "is_auction_fill": false, "is_clearing_fill": false, "symbol": "BCHUSD", "client_order_id": "Recurring"}, {"price": "513.76", "amount": "0.188823", "timestamp": 1627517633, "timestampms": 1627517633847, "type": "Buy", "aggressor": true, "fee_currency": "USD", "fee_amount": "2.99029552", "tid": 49968968182, "order_id": "49968968162", "exchange": "gemini", "is_auction_fill": false, "is_clearing_fill": false, "symbol": "BCHUSD", "client_order_id": "Recurring"}, {"price": "499.45", "amount": "0.194233", "timestamp": 1627431809, "timestampms": 1627431809072, "type": "Buy", "aggressor": true, "fee_currency": "USD", "fee_amount": "2.99032815", "tid": 49799354168, "order_id": "49799354122", "exchange": "gemini", "is_auction_fill": false, "is_clearing_fill": false, "symbol": "BCHUSD", "client_order_id": "Recurring"}, {"price": "480.15", "amount": "0.202041", "timestamp": 1627344875, "timestampms": 1627344875330, "type": "Buy", "aggressor": true, "fee_currency": "USD", "fee_amount": "2.99001385", "tid": 49619303082, "order_id": "49619303068", "exchange": "gemini", "is_auction_fill": false, "is_clearing_fill": false, "symbol": "BCHUSD", "client_order_id": "Recurring"}, {"price": "487.64", "amount": "0.198937", "timestamp": 1627340754, "timestampms": 1627340754445, "type": "Buy", "aggressor": true, "fee_currency": "USD", "fee_amount": "2.99036132", "tid": 49610385572, "order_id": "49610385557", "exchange": "gemini", "is_auction_fill": false, "is_clearing_fill": false, "symbol": "BCHUSD", "client_order_id": "Mobile"}, {"price": "135.48", "amount": "19.16824", "timestamp": 1626092501, "timestampms": 1626092501519, "type": "Sell", "aggressor": true, "fee_currency": "USD", "fee_amount": "38.69", "tid": 47553443296, "order_id": "47553443250", "exchange": "gemini", "is_auction_fill": false, "is_clearing_fill": false, "symbol": "LTCUSD", "client_order_id": "Mobile"}, {"price": "130.39", "amount": "0.74399", "timestamp": 1625819154, "timestampms": 1625819154925, "type": "Buy", "aggressor": true, "fee_currency": "USD", "fee_amount": "2.9911439", "tid": 47218474328, "order_id": "47218474314", "exchange": "gemini", "is_auction_fill": false, "is_clearing_fill": false, "symbol": "LTCUSD", "client_order_id": "Recurring"}, {"price": "130.33", "amount": "0.74434", "timestamp": 1625732995, "timestampms": 1625732995409, "type": "Buy", "aggressor": true, "fee_currency": "USD", "fee_amount": "2.9901678", "tid": 47084356906, "order_id": "47084356849", "exchange": "gemini", "is_auction_fill": false, "is_clearing_fill": false, "symbol": "LTCUSD", "client_order_id": "Recurring"}, {"price": "142.36", "amount": "0.68144", "timestamp": 1625646311, "timestampms": 1625646311316, "type": "Buy", "aggressor": true, "fee_currency": "USD", "fee_amount": "2.9902016", "tid": 46962015917, "order_id": "46962015880", "exchange": "gemini", "is_auction_fill": false, "is_clearing_fill": false, "symbol": "LTCUSD", "client_order_id": "Recurring"}, {"price": "142.66", "amount": "0.68", "timestamp": 1625559108, "timestampms": 1625559108690, "type": "Buy", "aggressor": true, "fee_currency": "USD", "fee_amount": "2.9912", "tid": 46837048634, "order_id": "46837048620", "exchange": "gemini", "is_auction_fill": false, "is_clearing_fill": false, "symbol": "LTCUSD", "client_order_id": "Recurring"}, {"price": "140.91", "amount": "0.68845", "timestamp": 1625472667, "timestampms": 1625472667557, "type": "Buy", "aggressor": true, "fee_currency": "USD", "fee_amount": "2.9905105", "tid": 46713034068, "order_id": "46713034023", "exchange": "gemini", "is_auction_fill": false, "is_clearing_fill": false, "symbol": "LTCUSD", "client_order_id": "Recurring"}, {"price": "145.36", "amount": "0.66737", "timestamp": 1625386376, "timestampms": 1625386376564, "type": "Buy", "aggressor": true, "fee_currency": "USD", "fee_amount": "2.9910968", "tid": 46606711637, "order_id": "46606711618", "exchange": "gemini", "is_auction_fill": false, "is_clearing_fill": false, "symbol": "LTCUSD", "client_order_id": "Recurring"}, {"price": "139.35", "amount": "0.69616", "timestamp": 1625300045, "timestampms": 1625300045545, "type": "Buy", "aggressor": true, "fee_currency": "USD", "fee_amount": "2.990104", "tid": 46498652653, "order_id": "46498652624", "exchange": "gemini", "is_auction_fill": false, "is_clearing_fill": false, "symbol": "LTCUSD", "client_order_id": "Recurring"}, {"price": "134.45", "amount": "0.72153", "timestamp": 1625213665, "timestampms": 1625213665137, "type": "Buy", "aggressor": true, "fee_currency": "USD", "fee_amount": "2.9902915", "tid": 46387511641, "order_id": "46387511612", "exchange": "gemini", "is_auction_fill": false, "is_clearing_fill": false, "symbol": "LTCUSD", "client_order_id": "Recurring"}, {"price": "137.09", "amount": "0.70763", "timestamp": 1625127211, "timestampms": 1625127211436, "type": "Buy", "aggressor": true, "fee_currency": "USD", "fee_amount": "2.9910033", "tid": 46279898218, "order_id": "46279898199", "exchange": "gemini", "is_auction_fill": false, "is_clearing_fill": false, "symbol": "LTCUSD", "client_order_id": "Recurring"}, {"price": "143.20", "amount": "0.67744", "timestamp": 1625041590, "timestampms": 1625041590425, "type": "Buy", "aggressor": true, "fee_currency": "USD", "fee_amount": "2.990592", "tid": 46175866581, "order_id": "46175866556", "exchange": "gemini", "is_auction_fill": false, "is_clearing_fill": false, "symbol": "LTCUSD", "client_order_id": "Recurring"}, {"price": "141.78", "amount": "0.68422", "timestamp": 1624955320, "timestampms": 1624955320827, "type": "Buy", "aggressor": true, "fee_currency": "USD", "fee_amount": "2.9912884", "tid": 46062424463, "order_id": "46062424452", "exchange": "gemini", "is_auction_fill": false, "is_clearing_fill": false, "symbol": "LTCUSD", "client_order_id": "Recurring"}, {"price": "135.05", "amount": "0.71832", "timestamp": 1624868182, "timestampms": 1624868182567, "type": "Buy", "aggressor": true, "fee_currency": "USD", "fee_amount": "2.990884", "tid": 45956340404, "order_id": "45956338365", "exchange": "gemini", "is_auction_fill": false, "is_clearing_fill": false, "symbol": "LTCUSD", "client_order_id": "Recurring"}, {"price": "129.58", "amount": "0.74864", "timestamp": 1624782209, "timestampms": 1624782209747, "type": "Buy", "aggressor": true, "fee_currency": "USD", "fee_amount": "2.9912288", "tid": 45855290950, "order_id": "45855290925", "exchange": "gemini", "is_auction_fill": false, "is_clearing_fill": false, "symbol": "LTCUSD", "client_order_id": "Recurring"}, {"price": "119.90", "amount": "0.80909", "timestamp": 1624695546, "timestampms": 1624695546732, "type": "Buy", "aggressor": true, "fee_currency": "USD", "fee_amount": "2.990109", "tid": 45731947865, "order_id": "45731947854", "exchange": "gemini", "is_auction_fill": false, "is_clearing_fill": false, "symbol": "LTCUSD", "client_order_id": "Recurring"}, {"price": "133.09", "amount": "0.7289", "timestamp": 1624608681, "timestampms": 1624608681176, "type": "Buy", "aggressor": true, "fee_currency": "USD", "fee_amount": "2.990699", "tid": 45589423323, "order_id": "45589423308", "exchange": "gemini", "is_auction_fill": false, "is_clearing_fill": false, "symbol": "LTCUSD", "client_order_id": "Recurring"}, {"price": "131.71", "amount": "0.73654", "timestamp": 1624523554, "timestampms": 1624523554814, "type": "Buy", "aggressor": true, "fee_currency": "USD", "fee_amount": "2.9903166", "tid": 45511686373, "order_id": "45511686358", "exchange": "gemini", "is_auction_fill": false, "is_clearing_fill": false, "symbol": "LTCUSD", "client_order_id": "Recurring"}, {"price": "132.52", "amount": "0.67695", "timestamp": 1624523250, "timestampms": 1624523250984, "type": "Buy", "aggressor": true, "fee_currency": "USD", "fee_amount": "2.990586", "tid": 45511333018, "order_id": "45511333004", "exchange": "gemini", "is_auction_fill": false, "is_clearing_fill": false, "symbol": "LTCUSD", "client_order_id": "Mobile"}, {"price": "483.98", "amount": "0.197717", "timestamp": 1624523225, "timestampms": 1624523225978, "type": "Sell", "aggressor": true, "fee_currency": "USD", "fee_amount": "2.99", "tid": 45511303752, "order_id": "45511303708", "exchange": "gemini", "is_auction_fill": false, "is_clearing_fill": false, "symbol": "BCHUSD", "client_order_id": "Mobile"}, {"price": "490.65", "amount": "0.197717", "timestamp": 1624519687, "timestampms": 1624519687117, "type": "Buy", "aggressor": true, "fee_currency": "USD", "fee_amount": "2.99015395", "tid": 45506686330, "order_id": "45506686306", "exchange": "gemini", "is_auction_fill": false, "is_clearing_fill": false, "symbol": "BCHUSD", "client_order_id": "Recurring"}, {"price": "129.22", "amount": "0.75073", "timestamp": 1624457661, "timestampms": 1624457661224, "type": "Buy", "aggressor": true, "fee_currency": "USD", "fee_amount": "2.9906694", "tid": 45407504851, "order_id": "45407504840", "exchange": "gemini", "is_auction_fill": false, "is_clearing_fill": false, "symbol": "LTCUSD", "client_order_id": "Recurring"}, {"price": "109.51", "amount": "0.88585", "timestamp": 1624371779, "timestampms": 1624371779369, "type": "Buy", "aggressor": true, "fee_currency": "USD", "fee_amount": "2.9905665", "tid": 45232409821, "order_id": "45232409792", "exchange": "gemini", "is_auction_fill": false, "is_clearing_fill": false, "symbol": "LTCUSD", "client_order_id": "Recurring"}, {"price": "136.66", "amount": "0.70986", "timestamp": 1624284812, "timestampms": 1624284812839, "type": "Buy", "aggressor": true, "fee_currency": "USD", "fee_amount": "2.9905324", "tid": 45050522242, "order_id": "45050522231", "exchange": "gemini", "is_auction_fill": false, "is_clearing_fill": false, "symbol": "LTCUSD", "client_order_id": "Recurring"}, {"price": "148.11", "amount": "0.65498", "timestamp": 1624198667, "timestampms": 1624198667170, "type": "Buy", "aggressor": true, "fee_currency": "USD", "fee_amount": "2.9909122", "tid": 44892040712, "order_id": "44892040640", "exchange": "gemini", "is_auction_fill": false, "is_clearing_fill": false, "symbol": "LTCUSD", "client_order_id": "Recurring"}, {"price": "159.04", "amount": "0.60997", "timestamp": 1624112566, "timestampms": 1624112566182, "type": "Buy", "aggressor": true, "fee_currency": "USD", "fee_amount": "2.9903712", "tid": 44785720775, "order_id": "44785720757", "exchange": "gemini", "is_auction_fill": false, "is_clearing_fill": false, "symbol": "LTCUSD", "client_order_id": "Recurring"}, {"price": "158.55", "amount": "1.86395", "timestamp": 1624110122, "timestampms": 1624110122756, "type": "Buy", "aggressor": true, "fee_currency": "USD", "fee_amount": "4.4707275", "tid": 44783075021, "order_id": "44783075001", "exchange": "gemini", "is_auction_fill": false, "is_clearing_fill": false, "symbol": "LTCUSD", "client_order_id": "Mobile"}, {"price": "38709.38", "amount": "0.01939603", "timestamp": 1623865629, "timestampms": 1623865629124, "type": "Sell", "aggressor": true, "fee_currency": "USD", "fee_amount": "11.19", "tid": 44473345010, "order_id": "44473344965", "exchange": "gemini", "is_auction_fill": false, "is_clearing_fill": false, "symbol": "BTCUSD", "client_order_id": "Mobile"}, {"price": "39031.17", "amount": "0.01939603", "timestamp": 1623864843, "timestampms": 1623864843242, "type": "Buy", "aggressor": true, "fee_currency": "USD", "fee_amount": "11.4502557449", "tid": 44471936116, "order_id": "44471936089", "exchange": "gemini", "is_auction_fill": false, "is_clearing_fill": false, "symbol": "BTCUSD", "client_order_id": "Mobile"}, {"price": "2398.52", "amount": "0.325253", "timestamp": 1623864815, "timestampms": 1623864815261, "type": "Sell", "aggressor": true, "fee_currency": "USD", "fee_amount": "11.62", "tid": 44471899389, "order_id": "44471899364", "exchange": "gemini", "is_auction_fill": false, "is_clearing_fill": false, "symbol": "ETHUSD", "client_order_id": "Mobile"}, {"price": "2567.41", "amount": "0.037785", "timestamp": 1623799253, "timestampms": 1623799253019, "type": "Buy", "aggressor": true, "fee_currency": "USD", "fee_amount": "2.99041315", "tid": 44385648184, "order_id": "44385648173", "exchange": "gemini", "is_auction_fill": false, "is_clearing_fill": false, "symbol": "ETHUSD", "client_order_id": "Recurring"}, {"price": "2561.36", "amount": "0.287468", "timestamp": 1623795965, "timestampms": 1623795965502, "type": "Buy", "aggressor": true, "fee_currency": "USD", "fee_amount": "11.14096352", "tid": 44381796049, "order_id": "44381796025", "exchange": "gemini", "is_auction_fill": false, "is_clearing_fill": false, "symbol": "ETHUSD", "client_order_id": "Mobile"}, {"price": "135.45", "amount": "5.601768", "timestamp": 1623795940, "timestampms": 1623795940137, "type": "Sell", "aggressor": true, "fee_currency": "USD", "fee_amount": "11.31", "tid": 44381778716, "order_id": "44381778699", "exchange": "gemini", "is_auction_fill": false, "is_clearing_fill": false, "symbol": "ZECUSD", "client_order_id": "Mobile"}, {"price": "137.51", "amount": "0.705475", "timestamp": 1623795355, "timestampms": 1623795355564, "type": "Buy", "aggressor": true, "fee_currency": "USD", "fee_amount": "2.99013275", "tid": 44381012873, "order_id": "44381012862", "exchange": "gemini", "is_auction_fill": false, "is_clearing_fill": false, "symbol": "ZECUSD", "client_order_id": "Recurring"}, {"price": "136.28", "amount": "3.533827", "timestamp": 1623792735, "timestampms": 1623792735777, "type": "Buy", "aggressor": true, "fee_currency": "USD", "fee_amount": "7.28005644", "tid": 44378836482, "order_id": "44378836469", "exchange": "gemini", "is_auction_fill": false, "is_clearing_fill": false, "symbol": "ZECUSD", "client_order_id": "Mobile"}, {"price": "2518.46", "amount": "0.197048", "timestamp": 1623792709, "timestampms": 1623792709982, "type": "Sell", "aggressor": true, "fee_currency": "USD", "fee_amount": "7.39", "tid": 44378826075, "order_id": "44378826064", "exchange": "gemini", "is_auction_fill": false, "is_clearing_fill": false, "symbol": "ETHUSD", "client_order_id": "Mobile"}, {"price": "136.04", "amount": "1.362466", "timestamp": 1623792268, "timestampms": 1623792268370, "type": "Buy", "aggressor": true, "fee_currency": "USD", "fee_amount": "2.99012536", "tid": 44378572485, "order_id": "44378572474", "exchange": "gemini", "is_auction_fill": false, "is_clearing_fill": false, "symbol": "ZECUSD", "client_order_id": "Mobile"}, {"price": "623.01", "amount": "0.307101", "timestamp": 1623792245, "timestampms": 1623792245384, "type": "Sell", "aggressor": true, "fee_currency": "USD", "fee_amount": "2.99", "tid": 44378555689, "order_id": "44378555663", "exchange": "gemini", "is_auction_fill": false, "is_clearing_fill": false, "symbol": "BCHUSD", "client_order_id": "Mobile"}, {"price": "649.75", "amount": "0.149303", "timestamp": 1623744915, "timestampms": 1623744915252, "type": "Buy", "aggressor": true, "fee_currency": "USD", "fee_amount": "2.99037575", "tid": 44312059239, "order_id": "44312059228", "exchange": "gemini", "is_auction_fill": false, "is_clearing_fill": false, "symbol": "BCHUSD", "client_order_id": "Recurring"}, {"price": "614.77", "amount": "0.157798", "timestamp": 1623658219, "timestampms": 1623658219317, "type": "Buy", "aggressor": true, "fee_currency": "USD", "fee_amount": "2.99052354", "tid": 44192070433, "order_id": "44192070419", "exchange": "gemini", "is_auction_fill": false, "is_clearing_fill": false, "symbol": "BCHUSD", "client_order_id": "Recurring"}, {"price": "2508.35", "amount": "0.038674", "timestamp": 1623632864, "timestampms": 1623632864140, "type": "Buy", "aggressor": true, "fee_currency": "USD", "fee_amount": "2.9920721", "tid": 44155525183, "order_id": "44155525165", "exchange": "gemini", "is_auction_fill": false, "is_clearing_fill": false, "symbol": "ETHUSD", "client_order_id": "Recurring"}, {"price": "2424.44", "amount": "0.040013", "timestamp": 1623546370, "timestampms": 1623546370727, "type": "Buy", "aggressor": true, "fee_currency": "USD", "fee_amount": "2.99088228", "tid": 44037643245, "order_id": "44037643182", "exchange": "gemini", "is_auction_fill": false, "is_clearing_fill": false, "symbol": "ETHUSD", "client_order_id": "Recurring"}